Order ID,Category,Sub Category,Region,City,State,Sales,Cost,Quantity,Profit,Profit Margin %,Discount,Order Date,,,,,,,,
ORD00001,Beverages,Soft Drinks,West,Guntur,Andhra Pradesh,27934,23268.55,112,4665.45,16.7,0.241333333,4/3/2024,,,,,,,,
ORD00002,Beverages,Health Drinks,West,Ballari,Andhra Pradesh,25515,20412.97,102,5102.03,20,0.21,12/5/2024,,,,,,,,
ORD00003,Beverages,Soft Drinks,East,Guntur,Andhra Pradesh,25267,17018.93,101,8248.07,32.64,0.272941176,1/8/2024,,,,,,,,
ORD00004,Beverages,Health Drinks,West,Ramanadhapuram,Andhra Pradesh,22136,17184.81,89,4951.19,22.37,0.216428571,10/23/2024,,,,,,,,
ORD00005,Beverages,Health Drinks,West,Vellore,Andhra Pradesh,22042,15072.72,88,6969.28,31.62,0.256923077,9/3/2024,,,,,,,,
ORD00006,Snacks,Cookies,West,Dharmavaram,Andhra Pradesh,21939,16660.06,88,5278.94,24.06,0.208571429,10/11/2024,,,,,,,,
ORD00007,Beverages,Health Drinks,West,Kurnool,Andhra Pradesh,21854,15986.18,87,5867.82,26.85,0.221875,5/24/2022,,,,,,,,
ORD00008,Oil & Masala,Spices,West,Vellore,Andhra Pradesh,21598,18209.05,86,3388.95,15.69,0.219166667,4/23/2024,,,,,,,,
ORD00009,Bakery,Breads & Buns,East,Cumbum,Andhra Pradesh,21554,14775.07,86,6778.93,31.45,0.270769231,6/28/2024,,,,,,,,
ORD00010,Beverages,Health Drinks,West,Vizag,Andhra Pradesh,21082,15337.27,84,5744.73,27.25,0.196153846,5/10/2023,,,,,,,,
ORD00011,Bakery,Cakes,East,Dhone,Andhra Pradesh,21035,17302.09,84,3732.91,17.75,0.213636364,2/23/2022,,,,,,,,
ORD00012,Beverages,Health Drinks,West,Kodmur,Andhra Pradesh,20887,14602.12,84,6284.88,30.09,0.225,12/11/2023,,,,,,,,
ORD00013,Beverages,Health Drinks,East,Kurnool,Andhra Pradesh,20642,14944.34,83,5697.66,27.6,0.250666667,5/21/2024,,,,,,,,
ORD00014,Beverages,Soft Drinks,West,Anathapuram,Andhra Pradesh,20145,15543.22,81,4601.78,22.84,0.211538462,12/25/2022,,,,,,,,
ORD00015,Beverages,Soft Drinks,East,Thanda,Andhra Pradesh,20015,13557.68,80,6457.32,32.26,0.220769231,2/17/2023,,,,,,,,
ORD00016,Beverages,Soft Drinks,Central,Prakasham,Andhra Pradesh,19499,14697.42,78,4801.58,24.62,0.219166667,11/15/2024,,,,,,,,
ORD00017,Beverages,Soft Drinks,Central,Ongole,Andhra Pradesh,19443,13135.61,78,6307.39,32.44,0.2275,1/28/2024,,,,,,,,
ORD00018,Beverages,Soft Drinks,West,Adoni,Andhra Pradesh,19259,13907.16,77,5351.84,27.79,0.190909091,8/7/2023,,,,,,,,
ORD00019,Beverages,Soft Drinks,Central,Vellore,Andhra Pradesh,18954,14143.29,76,4810.71,25.38,0.258181818,1/25/2023,,,,,,,,
ORD00020,Beverages,Soft Drinks,West,Markapur,Andhra Pradesh,18894,13571.06,76,5322.94,28.17,0.231666667,4/28/2024,,,,,,,,
ORD00021,Oil & Masala,Masalas,East,Eluru,Andhra Pradesh,18876,14699.59,76,4176.41,22.13,0.226923077,9/7/2022,,,,,,,,
ORD00022,Oil & Masala,Masalas,East,Cumbum,Andhra Pradesh,18798,14850,75,3948,21,0.226923077,10/30/2022,,,,,,,,
ORD00023,Oil & Masala,Spices,West,Viluppuram,Andhra Pradesh,18556,14169.44,74,4386.56,23.64,0.227272727,7/19/2023,,,,,,,,
ORD00024,Beverages,Health Drinks,East,Eluru,Andhra Pradesh,18541,14019.45,74,4521.55,24.39,0.204,1/10/2023,,,,,,,,
ORD00025,Beverages,Soft Drinks,East,Cumbum,Andhra Pradesh,18536,13005.83,74,5530.17,29.83,0.25,6/4/2024,,,,,,,,
ORD00026,Beverages,Health Drinks,East,Cumbum,Andhra Pradesh,18536,13732.83,74,4803.17,25.91,0.232727273,5/29/2023,,,,,,,,
ORD00027,"Eggs, Meat & Fish",Eggs,West,Ongole,Andhra Pradesh,18524,14410.96,74,4113.04,22.2,0.238333333,4/5/2023,,,,,,,,
ORD00028,"Eggs, Meat & Fish",Fish,West,Anathapuram,Andhra Pradesh,18502,12880.47,74,5621.53,30.38,0.1975,3/3/2024,,,,,,,,
ORD00029,Oil & Masala,Masalas,West,Ramanadhapuram,Andhra Pradesh,18121,14784.56,72,3336.44,18.41,0.239090909,7/19/2023,,,,,,,,
ORD00030,"Eggs, Meat & Fish",Mutton,West,Ongole,Andhra Pradesh,18063,13881.29,72,4181.71,23.15,0.229,5/22/2023,,,,,,,,
ORD00031,Beverages,Soft Drinks,West,Kadiri,Andhra Pradesh,18059,13359.34,72,4699.66,26.02,0.18,1/4/2024,,,,,,,,
ORD00032,Beverages,Health Drinks,East,Adoni,Andhra Pradesh,17800,12317.88,71,5482.12,30.8,0.227,1/7/2022,,,,,,,,
ORD00033,Snacks,Cookies,West,Kodmur,Andhra Pradesh,17746,13076.47,71,4669.53,26.31,0.189090909,2/8/2024,,,,,,,,
ORD00034,Bakery,Cakes,West,Dharmavaram,Andhra Pradesh,17645,13239.44,71,4405.56,24.97,0.198,12/15/2022,,,,,,,,
ORD00035,Snacks,Chocolates,Central,Kadiri,Andhra Pradesh,17460,13965.81,70,3494.19,20.01,0.246363636,1/29/2024,,,,,,,,
ORD00036,Beverages,Health Drinks,West,Anathapuram,Andhra Pradesh,17319,12329.04,69,4989.96,28.81,0.251538462,2/28/2022,,,,,,,,
ORD00037,Beverages,Soft Drinks,East,Prakasham,Andhra Pradesh,17263,13181.73,69,4081.27,23.64,0.233846154,12/26/2023,,,,,,,,
ORD00038,Snacks,Noodles,Central,Vizag,Andhra Pradesh,17113,11730.54,68,5382.46,31.45,0.236363636,11/20/2023,,,,,,,,
ORD00039,Bakery,Cakes,West,Guntur,Andhra Pradesh,17049,11717.36,68,5331.64,31.27,0.22,12/3/2023,,,,,,,,
ORD00040,"Eggs, Meat & Fish",Eggs,East,Thanda,Andhra Pradesh,16918,13678.61,68,3239.39,19.15,0.229166667,8/21/2022,,,,,,,,
ORD00041,Snacks,Cookies,West,Vizag,Andhra Pradesh,16867,12987.35,67,3879.65,23,0.217,4/11/2022,,,,,,,,
ORD00042,"Eggs, Meat & Fish",Mutton,West,Prakasham,Andhra Pradesh,16821,12231.03,67,4589.97,27.29,0.251,10/2/2022,,,,,,,,
ORD00043,Beverages,Health Drinks,East,Prakasham,Andhra Pradesh,16795,14079.37,67,2715.63,16.17,0.213,6/8/2023,,,,,,,,
ORD00044,Beverages,Soft Drinks,West,Kurnool,Andhra Pradesh,16766,11874.83,67,4891.17,29.17,0.287777778,5/16/2022,,,,,,,,
ORD00045,Snacks,Cookies,East,Vizag,Andhra Pradesh,16697,12928.69,67,3768.31,22.57,0.185384615,5/31/2024,,,,,,,,
ORD00046,Bakery,Biscuits,East,Adoni,Andhra Pradesh,16573,12510.21,66,4062.79,24.51,0.212222222,2/4/2023,,,,,,,,
ORD00047,Beverages,Health Drinks,East,Vellore,Andhra Pradesh,16468,11876,66,4592,27.88,0.189,10/25/2023,,,,,,,,
ORD00048,"Eggs, Meat & Fish",Chicken,East,Krishnagiri,Andhra Pradesh,16465,13780.51,66,2684.49,16.3,0.242222222,9/29/2024,,,,,,,,
ORD00049,Snacks,Cookies,East,Anathapuram,Andhra Pradesh,16452,11570.4,66,4881.6,29.67,0.1625,5/12/2023,,,,,,,,
ORD00050,Oil & Masala,Masalas,West,Visakhapatnam,Andhra Pradesh,16429,12199.18,66,4229.82,25.75,0.197272727,7/28/2022,,,,,,,,
ORD00051,Beverages,Health Drinks,West,Prakasham,Andhra Pradesh,16400,10632.85,66,5767.15,35.17,0.192,8/10/2024,,,,,,,,
ORD00052,Bakery,Breads & Buns,West,Visakhapatnam,Andhra Pradesh,16317,11414.71,65,4902.29,30.04,0.213636364,4/10/2022,,,,,,,,
ORD00053,Oil & Masala,Edible Oil & Ghee,East,Kanyakumari,Andhra Pradesh,16281,11745.97,65,4535.03,27.85,0.245,8/20/2022,,,,,,,,
ORD00054,Beverages,Health Drinks,East,Kanyakumari,Andhra Pradesh,16234,12298.91,65,3935.09,24.24,0.224,7/29/2024,,,,,,,,
ORD00055,Beverages,Soft Drinks,Central,Ramanadhapuram,Andhra Pradesh,16234,10544.85,65,5689.15,35.04,0.271111111,7/20/2024,,,,,,,,
ORD00056,Beverages,Health Drinks,Central,Ramanadhapuram,Andhra Pradesh,16130,11435.12,65,4694.88,29.11,0.244,9/20/2023,,,,,,,,
ORD00057,Snacks,Cookies,East,Ongole,Andhra Pradesh,16057,12015.89,64,4041.11,25.17,0.217,2/3/2022,,,,,,,,
ORD00058,Beverages,Health Drinks,East,Dhone,Andhra Pradesh,16010,12516.82,64,3493.18,21.82,0.234545455,9/6/2022,,,,,,,,
ORD00059,Bakery,Biscuits,West,Kodmur,Andhra Pradesh,15956,12395.5,64,3560.5,22.31,0.248181818,8/13/2023,,,,,,,,
ORD00060,Beverages,Soft Drinks,East,Visakhapatnam,Andhra Pradesh,15935,12313.51,64,3621.49,22.73,0.213636364,9/7/2023,,,,,,,,
ORD00061,Beverages,Soft Drinks,Central,Kurnool,Andhra Pradesh,15917,11951.98,64,3965.02,24.91,0.2325,11/27/2023,,,,,,,,
ORD00062,Oil & Masala,Masalas,East,Vizag,Andhra Pradesh,15865,12609.02,63,3255.98,20.52,0.21,2/1/2024,,,,,,,,
ORD00063,Food Grains,Rice,West,Nandyal,Andhra Pradesh,15863,11405.29,63,4457.71,28.1,0.243333333,7/7/2023,,,,,,,,
ORD00064,Bakery,Breads & Buns,East,Ballari,Andhra Pradesh,15859,12025.91,63,3833.09,24.17,0.245,3/25/2023,,,,,,,,
ORD00065,Beverages,Health Drinks,South,Ramanadhapuram,Andhra Pradesh,15836,13070.72,63,2765.28,17.46,0.276666667,12/7/2024,,,,,,,,
ORD00066,Snacks,Noodles,East,Guntur,Andhra Pradesh,15831,12558.44,63,3272.56,20.67,0.236,6/8/2022,,,,,,,,
ORD00067,Food Grains,Rice,West,Vellore,Andhra Pradesh,15804,11761.92,63,4042.08,25.58,0.218888889,11/17/2024,,,,,,,,
ORD00068,Snacks,Chocolates,West,Nandyal,Andhra Pradesh,15637,10342.89,63,5294.11,33.86,0.22,2/19/2024,,,,,,,,
ORD00069,Bakery,Cakes,West,Nelluru,Andhra Pradesh,15472,11086.62,62,4385.38,28.34,0.25,9/14/2023,,,,,,,,
ORD00070,Bakery,Breads & Buns,West,Guntur,Andhra Pradesh,15306,11295.55,61,4010.45,26.2,0.247777778,9/17/2022,,,,,,,,
ORD00071,Snacks,Cookies,West,Kurnool,Andhra Pradesh,15304,11035.99,61,4268.01,27.89,0.221,12/19/2024,,,,,,,,
ORD00072,Beverages,Health Drinks,West,Visakhapatnam,Andhra Pradesh,15297,11726.16,61,3570.84,23.34,0.247272727,4/5/2024,,,,,,,,
ORD00073,Oil & Masala,Edible Oil & Ghee,West,Dhone,Andhra Pradesh,15263,10435.31,61,4827.69,31.63,0.235,6/1/2024,,,,,,,,
ORD00074,Food Grains,Organic Staples,East,Kadiri,Andhra Pradesh,15233,10389.6,61,4843.4,31.8,0.2375,7/8/2022,,,,,,,,
ORD00075,Snacks,Cookies,West,Vellore,Andhra Pradesh,15198,11691.17,61,3506.83,23.07,0.246666667,10/3/2023,,,,,,,,
ORD00076,Snacks,Cookies,East,Ramanadhapuram,Andhra Pradesh,15142,10369.96,61,4772.04,31.52,0.215454545,12/13/2022,,,,,,,,
ORD00077,Bakery,Biscuits,West,Kanyakumari,Andhra Pradesh,15022,11489.68,60,3532.32,23.51,0.288888889,11/6/2024,,,,,,,,
ORD00078,Snacks,Noodles,East,Dhone,Andhra Pradesh,15001,10745.6,60,4255.4,28.37,0.205,4/18/2024,,,,,,,,
ORD00079,Bakery,Cakes,West,Nandyal,Andhra Pradesh,14983,11763.34,60,3219.66,21.49,0.227142857,4/23/2023,,,,,,,,
ORD00080,Beverages,Health Drinks,West,Guntur,Andhra Pradesh,14872,10879.05,59,3992.95,26.85,0.225833333,3/10/2024,,,,,,,,
ORD00081,Beverages,Health Drinks,Central,Visakhapatnam,Andhra Pradesh,14838,11375.89,59,3462.11,23.33,0.227777778,1/10/2022,,,,,,,,
ORD00082,Snacks,Chocolates,East,Viluppuram,Andhra Pradesh,14805,11657.66,59,3147.34,21.26,0.200909091,11/17/2023,,,,,,,,
ORD00083,Beverages,Health Drinks,Central,Thanda,Andhra Pradesh,14797,12067.19,59,2729.81,18.45,0.184444444,4/23/2022,,,,,,,,
ORD00084,Beverages,Health Drinks,West,Adoni,Andhra Pradesh,14796,11004.45,59,3791.55,25.63,0.253333333,8/3/2022,,,,,,,,
ORD00085,Beverages,Soft Drinks,Central,Anathapuram,Andhra Pradesh,14791,10532.45,59,4258.55,28.79,0.224,6/27/2022,,,,,,,,
ORD00086,"Eggs, Meat & Fish",Mutton,East,Ramanadhapuram,Andhra Pradesh,14764,11609.6,59,3154.4,21.37,0.216,1/31/2022,,,,,,,,
ORD00087,Oil & Masala,Masalas,East,Ballari,Andhra Pradesh,14749,11101.39,59,3647.61,24.73,0.21625,7/16/2023,,,,,,,,
ORD00088,Fruits & Veggies,Fresh Fruits,East,Kanyakumari,Andhra Pradesh,14749,10954.93,59,3794.07,25.72,0.255555556,10/4/2022,,,,,,,,
ORD00089,Bakery,Biscuits,West,Kadiri,Andhra Pradesh,14726,10491.02,59,4234.98,28.76,0.214,1/24/2023,,,,,,,,
ORD00090,Bakery,Breads & Buns,West,Vellore,Andhra Pradesh,14719,10472.89,59,4246.11,28.85,0.211111111,11/25/2024,,,,,,,,
ORD00091,Oil & Masala,Masalas,West,Dharmavaram,Andhra Pradesh,14689,11839.84,59,2849.16,19.4,0.222857143,11/4/2024,,,,,,,,
ORD00092,Bakery,Biscuits,West,Ballari,Andhra Pradesh,14684,10299.01,59,4384.99,29.86,0.178888889,7/7/2022,,,,,,,,
ORD00093,Beverages,Soft Drinks,West,Nelluru,Andhra Pradesh,14680,11515,59,3165,21.56,0.222,11/27/2024,,,,,,,,
ORD00094,Snacks,Chocolates,West,Guntur,Andhra Pradesh,14668,10706.23,59,3961.77,27.01,0.246,8/11/2022,,,,,,,,
ORD00095,Food Grains,Dals & Pulses,West,Anathapuram,Andhra Pradesh,14491,11102.73,58,3388.27,23.38,0.217777778,1/19/2024,,,,,,,,
ORD00096,Beverages,Soft Drinks,West,Kodmur,Andhra Pradesh,14482,10363.52,58,4118.48,28.44,0.213,7/23/2024,,,,,,,,
ORD00097,Bakery,Breads & Buns,East,Dhone,Andhra Pradesh,14412,10432.31,58,3979.69,27.61,0.251111111,2/26/2024,,,,,,,,
ORD00098,Snacks,Cookies,Central,Kanyakumari,Andhra Pradesh,14409,11634.67,58,2774.33,19.25,0.216666667,1/6/2022,,,,,,,,
ORD00099,Oil & Masala,Masalas,West,Kadiri,Andhra Pradesh,14405,11787.93,58,2617.07,18.17,0.194,9/29/2023,,,,,,,,
ORD00100,Food Grains,Atta & Flour,East,Vizag,Andhra Pradesh,14403,11921.46,58,2481.54,17.23,0.264444444,6/13/2023,,,,,,,,
ORD00101,Snacks,Cookies,West,Markapur,Andhra Pradesh,14339,10877.22,57,3461.78,24.14,0.251111111,3/28/2023,,,,,,,,
ORD00102,Bakery,Breads & Buns,West,Ongole,Andhra Pradesh,14314,10093.63,57,4220.37,29.48,0.181111111,4/16/2023,,,,,,,,
ORD00103,Beverages,Health Drinks,West,Eluru,Andhra Pradesh,14308,10614.86,57,3693.14,25.81,0.227272727,12/27/2022,,,,,,,,
ORD00104,Bakery,Cakes,West,Thanda,Andhra Pradesh,14293,10718.11,57,3574.89,25.01,0.233333333,1/25/2024,,,,,,,,
ORD00105,Bakery,Breads & Buns,West,Ballari,Andhra Pradesh,14288,11318.11,57,2969.89,20.79,0.199,9/2/2023,,,,,,,,
ORD00106,Oil & Masala,Spices,West,Vizag,Andhra Pradesh,14270,10447.05,57,3822.95,26.79,0.244444444,11/12/2022,,,,,,,,
ORD00107,Snacks,Cookies,West,Kadiri,Andhra Pradesh,14260,10649.37,57,3610.63,25.32,0.2275,9/28/2023,,,,,,,,
ORD00108,Beverages,Soft Drinks,West,Vizag,Andhra Pradesh,14252,10728.32,57,3523.68,24.72,0.237777778,11/26/2022,,,,,,,,
ORD00109,Beverages,Health Drinks,Central,Ballari,Andhra Pradesh,14243,10481.91,57,3761.09,26.41,0.257,3/25/2023,,,,,,,,
ORD00110,Snacks,Noodles,South,Krishnagiri,Andhra Pradesh,14243,10032.58,57,4210.42,29.56,0.207272727,5/9/2023,,,,,,,,
ORD00111,Beverages,Health Drinks,Central,Anathapuram,Andhra Pradesh,14230,10196.45,57,4033.55,28.35,0.225,12/8/2024,,,,,,,,
ORD00112,Bakery,Cakes,Central,Kadiri,Andhra Pradesh,14229,10788.99,57,3440.01,24.18,0.285555556,2/13/2022,,,,,,,,
ORD00113,Food Grains,Rice,West,Kodmur,Andhra Pradesh,14214,10964.83,57,3249.17,22.86,0.268888889,7/27/2024,,,,,,,,
ORD00114,"Eggs, Meat & Fish",Fish,West,Kodmur,Andhra Pradesh,14192,10547.48,57,3644.52,25.68,0.22625,11/11/2024,,,,,,,,
ORD00115,Oil & Masala,Spices,West,Kanyakumari,Andhra Pradesh,14168,10302.99,57,3865.01,27.28,0.228,5/2/2024,,,,,,,,
ORD00116,Fruits & Veggies,Organic Fruits,West,Viluppuram,Andhra Pradesh,14115,10996.24,56,3118.76,22.1,0.29,6/11/2024,,,,,,,,
ORD00117,Food Grains,Organic Staples,West,Dharmavaram,Andhra Pradesh,14110,10765.86,56,3344.14,23.7,0.27,7/27/2024,,,,,,,,
ORD00118,Fruits & Veggies,Organic Vegetables,West,Guntur,Andhra Pradesh,14098,10137.43,56,3960.57,28.09,0.256363636,11/17/2022,,,,,,,,
ORD00119,Bakery,Biscuits,East,Vellore,Andhra Pradesh,14069,10065.9,56,4003.1,28.45,0.251111111,12/10/2024,,,,,,,,
ORD00120,Oil & Masala,Spices,East,Eluru,Andhra Pradesh,14052,10836.41,56,3215.59,22.88,0.21,12/19/2022,,,,,,,,
ORD00121,Fruits & Veggies,Fresh Fruits,West,Visakhapatnam,Andhra Pradesh,14006,10210.41,56,3795.59,27.1,0.248,10/10/2023,,,,,,,,
ORD00122,Beverages,Health Drinks,West,Viluppuram,Andhra Pradesh,13995,10417.53,56,3577.47,25.56,0.241,8/1/2023,,,,,,,,
ORD00123,Snacks,Chocolates,West,Vellore,Andhra Pradesh,13984,10271.88,56,3712.12,26.55,0.22375,4/22/2022,,,,,,,,
ORD00124,Bakery,Biscuits,West,Krishnagiri,Andhra Pradesh,13941,10692.76,56,3248.24,23.3,0.252,2/15/2023,,,,,,,,
ORD00125,Snacks,Noodles,Central,Kanyakumari,Andhra Pradesh,13929,10400.24,56,3528.76,25.33,0.23,2/3/2022,,,,,,,,
ORD00126,Bakery,Breads & Buns,West,Kodmur,Andhra Pradesh,13899,10779.95,56,3119.05,22.44,0.264444444,5/20/2023,,,,,,,,
ORD00127,Beverages,Soft Drinks,East,Dhone,Andhra Pradesh,13853,11609.1,55,2243.9,16.2,0.245555556,3/16/2022,,,,,,,,
ORD00128,Food Grains,Organic Staples,East,Eluru,Andhra Pradesh,13820,8744.1,55,5075.9,36.73,0.22625,12/25/2024,,,,,,,,
ORD00129,Food Grains,Organic Staples,East,Ongole,Andhra Pradesh,13780,10743.86,55,3036.14,22.03,0.224444444,12/17/2022,,,,,,,,
ORD00130,Snacks,Cookies,West,Anathapuram,Andhra Pradesh,13778,10510.45,55,3267.55,23.72,0.258,10/25/2024,,,,,,,,
ORD00131,Beverages,Health Drinks,East,Viluppuram,Andhra Pradesh,13769,9131.27,55,4637.73,33.68,0.27,9/1/2024,,,,,,,,
ORD00132,Bakery,Biscuits,West,Nandyal,Andhra Pradesh,13760,10570.51,55,3189.49,23.18,0.176666667,12/23/2024,,,,,,,,
ORD00133,"Eggs, Meat & Fish",Eggs,East,Kurnool,Andhra Pradesh,13754,9351.18,55,4402.82,32.01,0.224285714,7/28/2022,,,,,,,,
ORD00134,Bakery,Cakes,Central,Adoni,Andhra Pradesh,13686,11045.5,55,2640.5,19.29,0.22,1/4/2022,,,,,,,,
ORD00135,"Eggs, Meat & Fish",Eggs,West,Visakhapatnam,Andhra Pradesh,13675,10470.49,55,3204.51,23.43,0.17375,8/5/2022,,,,,,,,
ORD00136,Oil & Masala,Spices,East,Kanyakumari,Andhra Pradesh,13662,9894.57,55,3767.43,27.58,0.2025,9/3/2023,,,,,,,,
ORD00137,Oil & Masala,Masalas,East,Kanyakumari,Andhra Pradesh,13657,11400.03,55,2256.97,16.53,0.210833333,11/2/2022,,,,,,,,
ORD00138,Beverages,Soft Drinks,West,Krishnagiri,Andhra Pradesh,13616,10378.01,54,3237.99,23.78,0.214285714,11/14/2022,,,,,,,,
ORD00139,Fruits & Veggies,Organic Vegetables,West,Prakasham,Andhra Pradesh,13615,10449.72,54,3165.28,23.25,0.26,12/24/2023,,,,,,,,
ORD00140,Bakery,Biscuits,Central,Viluppuram,Andhra Pradesh,13606,9923.4,54,3682.6,27.07,0.216666667,4/15/2022,,,,,,,,
ORD00141,Oil & Masala,Edible Oil & Ghee,Central,Cumbum,Andhra Pradesh,13597,11407.52,54,2189.48,16.1,0.2775,9/24/2023,,,,,,,,
ORD00142,Oil & Masala,Edible Oil & Ghee,West,Adoni,Andhra Pradesh,13593,10509.43,54,3083.57,22.68,0.238888889,7/31/2024,,,,,,,,
ORD00143,Fruits & Veggies,Fresh Fruits,West,Adoni,Andhra Pradesh,13592,10704.08,54,2887.92,21.25,0.272727273,5/3/2022,,,,,,,,
ORD00144,Bakery,Biscuits,West,Dharmavaram,Andhra Pradesh,13591,10191.04,54,3399.96,25.02,0.178571429,10/6/2023,,,,,,,,
ORD00145,Oil & Masala,Masalas,West,Cumbum,Andhra Pradesh,13585,10284.5,54,3300.5,24.3,0.17,7/13/2023,,,,,,,,
ORD00146,Bakery,Biscuits,West,Vellore,Andhra Pradesh,13523,9885.87,54,3637.13,26.9,0.241111111,9/29/2023,,,,,,,,
ORD00147,Bakery,Cakes,West,Kanyakumari,Andhra Pradesh,13509,9839.57,54,3669.43,27.16,0.225,12/8/2022,,,,,,,,
ORD00148,Bakery,Breads & Buns,West,Vizag,Andhra Pradesh,13503,10132.89,54,3370.11,24.96,0.206666667,2/8/2022,,,,,,,,
ORD00149,Beverages,Health Drinks,Central,Viluppuram,Andhra Pradesh,13493,11082.62,54,2410.38,17.86,0.25,8/21/2023,,,,,,,,
ORD00150,Food Grains,Rice,West,Visakhapatnam,Andhra Pradesh,13488,9862.18,54,3625.82,26.88,0.195,10/6/2022,,,,,,,,
ORD00151,Oil & Masala,Masalas,East,Dhone,Andhra Pradesh,13482,10545.12,54,2936.88,21.78,0.205555556,8/18/2023,,,,,,,,
ORD00152,Snacks,Noodles,West,Eluru,Andhra Pradesh,13473,8822.63,54,4650.37,34.52,0.22,2/14/2024,,,,,,,,
ORD00153,Snacks,Chocolates,West,Kanyakumari,Andhra Pradesh,13470,10179.83,54,3290.17,24.43,0.218571429,6/26/2022,,,,,,,,
ORD00154,Bakery,Cakes,West,Visakhapatnam,Andhra Pradesh,13463,9880.81,54,3582.19,26.61,0.195555556,4/13/2023,,,,,,,,
ORD00155,Oil & Masala,Spices,East,Dhone,Andhra Pradesh,13443,10326.38,54,3116.62,23.18,0.23875,4/28/2022,,,,,,,,
ORD00156,Oil & Masala,Edible Oil & Ghee,Central,Guntur,Andhra Pradesh,13395,9319.21,54,4075.79,30.43,0.232857143,1/25/2023,,,,,,,,
ORD00157,Food Grains,Organic Staples,West,Visakhapatnam,Andhra Pradesh,13390,9553.43,54,3836.57,28.65,0.261428571,10/10/2024,,,,,,,,
ORD00158,"Eggs, Meat & Fish",Chicken,Central,Visakhapatnam,Andhra Pradesh,13366,9664.3,53,3701.7,27.69,0.23125,11/3/2024,,,,,,,,
ORD00159,Oil & Masala,Masalas,West,Ongole,Andhra Pradesh,13364,10724.8,53,2639.2,19.75,0.23,11/13/2022,,,,,,,,
ORD00160,Bakery,Cakes,East,Krishnagiri,Andhra Pradesh,13360,10572.83,53,2787.17,20.86,0.26,11/27/2022,,,,,,,,
ORD00161,Beverages,Soft Drinks,Central,Ballari,Andhra Pradesh,13328,9609.09,53,3718.91,27.9,0.254,10/16/2023,,,,,,,,
ORD00162,Food Grains,Atta & Flour,East,Ongole,Andhra Pradesh,13324,10462.41,53,2861.59,21.48,0.23375,1/8/2024,,,,,,,,
ORD00163,Oil & Masala,Edible Oil & Ghee,East,Viluppuram,Andhra Pradesh,13317,8455.07,53,4861.93,36.51,0.195555556,2/18/2022,,,,,,,,
ORD00164,"Eggs, Meat & Fish",Fish,East,Anathapuram,Andhra Pradesh,13292,11104.6,53,2187.4,16.46,0.221,5/13/2023,,,,,,,,
ORD00165,Fruits & Veggies,Fresh Vegetables,Central,Nelluru,Andhra Pradesh,13282,10312.56,53,2969.44,22.36,0.24375,2/16/2023,,,,,,,,
ORD00166,"Eggs, Meat & Fish",Mutton,East,Thanda,Andhra Pradesh,13252,9455.5,53,3796.5,28.65,0.251428571,10/3/2022,,,,,,,,
ORD00167,"Eggs, Meat & Fish",Mutton,West,Eluru,Andhra Pradesh,13248,9605.69,53,3642.31,27.49,0.23,11/2/2024,,,,,,,,
ORD00168,Snacks,Chocolates,West,Thanda,Andhra Pradesh,13241,10910.23,53,2330.77,17.6,0.2925,5/2/2024,,,,,,,,
ORD00169,Bakery,Breads & Buns,West,Eluru,Andhra Pradesh,13175,9522.54,53,3652.46,27.72,0.227142857,1/27/2024,,,,,,,,
ORD00170,Bakery,Breads & Buns,East,Adoni,Andhra Pradesh,13145,9822.9,53,3322.1,25.27,0.257777778,6/19/2022,,,,,,,,
ORD00171,Oil & Masala,Masalas,East,Kurnool,Andhra Pradesh,13094,8629.7,52,4464.3,34.09,0.1875,7/11/2023,,,,,,,,
ORD00172,Fruits & Veggies,Organic Fruits,West,Dharmavaram,Andhra Pradesh,13080,10048.3,52,3031.7,23.18,0.20875,1/14/2024,,,,,,,,
ORD00173,Fruits & Veggies,Organic Vegetables,West,Visakhapatnam,Andhra Pradesh,13070,9075.21,52,3994.79,30.56,0.241428571,9/24/2022,,,,,,,,
ORD00174,Oil & Masala,Spices,East,Anathapuram,Andhra Pradesh,13053,10037.21,52,3015.79,23.1,0.201111111,2/8/2024,,,,,,,,
ORD00175,Snacks,Cookies,East,Cumbum,Andhra Pradesh,13052,9884.72,52,3167.28,24.27,0.19875,1/24/2022,,,,,,,,
ORD00176,Bakery,Breads & Buns,West,Krishnagiri,Andhra Pradesh,13012,9687.27,52,3324.73,25.55,0.224444444,5/16/2023,,,,,,,,
ORD00177,Snacks,Chocolates,Central,Adoni,Andhra Pradesh,12980,9030.12,52,3949.88,30.43,0.2075,5/13/2024,,,,,,,,
ORD00178,"Eggs, Meat & Fish",Fish,East,Prakasham,Andhra Pradesh,12976,9593.89,52,3382.11,26.06,0.24,10/23/2024,,,,,,,,
ORD00179,Oil & Masala,Edible Oil & Ghee,Central,Dharmavaram,Andhra Pradesh,12924,9728.36,52,3195.64,24.73,0.259,1/9/2022,,,,,,,,
ORD00180,Snacks,Cookies,Central,Ramanadhapuram,Andhra Pradesh,12898,10108.98,52,2789.02,21.62,0.241428571,5/23/2022,,,,,,,,
ORD00181,Snacks,Cookies,East,Dhone,Andhra Pradesh,12896,9550.06,52,3345.94,25.95,0.26625,9/8/2023,,,,,,,,
ORD00182,Beverages,Soft Drinks,East,Dharmavaram,Andhra Pradesh,12894,10426.37,52,2467.63,19.14,0.193333333,7/5/2024,,,,,,,,
ORD00183,Snacks,Chocolates,Central,Ramanadhapuram,Andhra Pradesh,12890,9171.72,52,3718.28,28.85,0.222857143,2/13/2022,,,,,,,,
ORD00184,Bakery,Biscuits,East,Cumbum,Andhra Pradesh,12885,9593.48,52,3291.52,25.55,0.22875,10/6/2022,,,,,,,,
ORD00185,"Eggs, Meat & Fish",Chicken,West,Kanyakumari,Andhra Pradesh,12885,10029.55,52,2855.45,22.16,0.24,10/4/2022,,,,,,,,
ORD00186,Bakery,Breads & Buns,East,Anathapuram,Andhra Pradesh,12855,9700.14,51,3154.86,24.54,0.211111111,5/24/2023,,,,,,,,
ORD00187,Oil & Masala,Spices,West,Anathapuram,Andhra Pradesh,12848,10099.84,51,2748.16,21.39,0.2375,1/7/2022,,,,,,,,
ORD00188,Snacks,Chocolates,East,Anathapuram,Andhra Pradesh,12848,10018.52,51,2829.48,22.02,0.302222222,11/6/2023,,,,,,,,
ORD00189,Beverages,Soft Drinks,East,Ramanadhapuram,Andhra Pradesh,12825,9345.05,51,3479.95,27.13,0.205,1/9/2022,,,,,,,,
ORD00190,Bakery,Biscuits,West,Dhone,Andhra Pradesh,12804,9792.94,51,3011.06,23.52,0.215,9/21/2022,,,,,,,,
ORD00191,Fruits & Veggies,Fresh Fruits,West,Krishnagiri,Andhra Pradesh,12800,9548.1,51,3251.9,25.41,0.218,1/21/2024,,,,,,,,
ORD00192,Snacks,Chocolates,West,Cumbum,Andhra Pradesh,12796,10088.85,51,2707.15,21.16,0.2575,3/27/2023,,,,,,,,
ORD00193,Bakery,Cakes,East,Kanyakumari,Andhra Pradesh,12738,8844.49,51,3893.51,30.57,0.185,1/27/2023,,,,,,,,
ORD00194,Fruits & Veggies,Fresh Fruits,West,Vizag,Andhra Pradesh,12731,9767.04,51,2963.96,23.28,0.198,7/20/2022,,,,,,,,
ORD00195,Bakery,Breads & Buns,East,Guntur,Andhra Pradesh,12658,9019.25,51,3638.75,28.75,0.208,8/28/2022,,,,,,,,
ORD00196,Food Grains,Dals & Pulses,West,Dhone,Andhra Pradesh,12590,9115.27,50,3474.73,27.6,0.221428571,10/24/2023,,,,,,,,
ORD00197,Snacks,Noodles,West,Guntur,Andhra Pradesh,12588,8969.99,50,3618.01,28.74,0.185714286,4/28/2022,,,,,,,,
ORD00198,Snacks,Noodles,West,Visakhapatnam,Andhra Pradesh,12480,8528.91,50,3951.09,31.66,0.1925,9/8/2023,,,,,,,,
ORD00199,Beverages,Health Drinks,East,Kodmur,Andhra Pradesh,12470,10471.52,50,1998.48,16.03,0.22375,4/10/2022,,,,,,,,
ORD00200,"Eggs, Meat & Fish",Mutton,South,Krishnagiri,Andhra Pradesh,12463,8643.93,50,3819.07,30.64,0.19625,2/11/2024,,,,,,,,
ORD00201,Oil & Masala,Edible Oil & Ghee,East,Nelluru,Andhra Pradesh,12454,9691.49,50,2762.51,22.18,0.22125,2/1/2024,,,,,,,,
ORD00202,"Eggs, Meat & Fish",Mutton,Central,Nandyal,Andhra Pradesh,12440,9603.48,50,2836.52,22.8,0.204285714,3/17/2024,,,,,,,,
ORD00203,Oil & Masala,Masalas,West,Krishnagiri,Andhra Pradesh,12407,9747.48,50,2659.52,21.44,0.2,10/12/2023,,,,,,,,
ORD00204,Oil & Masala,Edible Oil & Ghee,West,Nandyal,Andhra Pradesh,12401,8851.1,50,3549.9,28.63,0.211428571,7/6/2024,,,,,,,,
ORD00205,Food Grains,Organic Staples,East,Ballari,Andhra Pradesh,12397,8609.19,50,3787.81,30.55,0.251428571,10/22/2024,,,,,,,,
ORD00206,Beverages,Health Drinks,South,Kodmur,Andhra Pradesh,12376,8923.6,50,3452.4,27.9,0.29,11/11/2024,,,,,,,,
ORD00207,Bakery,Biscuits,South,Ramanadhapuram,Andhra Pradesh,12358,9489.56,49,2868.44,23.21,0.20375,12/15/2024,,,,,,,,
ORD00208,"Eggs, Meat & Fish",Fish,West,Dhone,Andhra Pradesh,12348,10292.44,49,2055.56,16.65,0.204444444,7/30/2024,,,,,,,,
ORD00209,Food Grains,Atta & Flour,West,Viluppuram,Andhra Pradesh,12306,8854.76,49,3451.24,28.05,0.2475,10/15/2024,,,,,,,,
ORD00210,"Eggs, Meat & Fish",Eggs,East,Markapur,Andhra Pradesh,12304,8715.65,49,3588.35,29.16,0.235,12/26/2024,,,,,,,,
ORD00211,Snacks,Cookies,Central,Visakhapatnam,Andhra Pradesh,12301,8395.79,49,3905.21,31.75,0.225,1/10/2023,,,,,,,,
ORD00212,Bakery,Breads & Buns,Central,Thanda,Andhra Pradesh,12285,9413.8,49,2871.2,23.37,0.18625,6/11/2024,,,,,,,,
ORD00213,Oil & Masala,Edible Oil & Ghee,West,Krishnagiri,Andhra Pradesh,12278,9306.6,49,2971.4,24.2,0.255714286,3/16/2022,,,,,,,,
ORD00214,Snacks,Cookies,East,Kodmur,Andhra Pradesh,12258,8676.94,49,3581.06,29.21,0.2025,9/4/2022,,,,,,,,
ORD00215,Oil & Masala,Masalas,West,Nelluru,Andhra Pradesh,12248,9384.65,49,2863.35,23.38,0.24,5/9/2024,,,,,,,,
ORD00216,Snacks,Noodles,West,Kurnool,Andhra Pradesh,12236,8785.98,49,3450.02,28.2,0.18,6/8/2024,,,,,,,,
ORD00217,Snacks,Cookies,Central,Krishnagiri,Andhra Pradesh,12230,9961.97,49,2268.03,18.54,0.182857143,10/25/2023,,,,,,,,
ORD00218,Fruits & Veggies,Fresh Fruits,West,Ramanadhapuram,Andhra Pradesh,12228,10008.86,49,2219.14,18.15,0.248888889,4/22/2024,,,,,,,,
ORD00219,Oil & Masala,Masalas,East,Prakasham,Andhra Pradesh,12211,8831.44,49,3379.56,27.68,0.244444444,2/25/2023,,,,,,,,
ORD00220,"Eggs, Meat & Fish",Chicken,West,Ramanadhapuram,Andhra Pradesh,12167,9504.48,49,2662.52,21.88,0.211428571,7/10/2024,,,,,,,,
ORD00221,Snacks,Noodles,Central,Markapur,Andhra Pradesh,12142,9354.21,49,2787.79,22.96,0.19,3/24/2023,,,,,,,,
ORD00222,Bakery,Cakes,East,Ramanadhapuram,Andhra Pradesh,12127,8425.29,49,3701.71,30.52,0.23,5/30/2023,,,,,,,,
ORD00223,Snacks,Noodles,East,Eluru,Andhra Pradesh,12123,8873.66,48,3249.34,26.8,0.228571429,9/21/2022,,,,,,,,
ORD00224,"Eggs, Meat & Fish",Mutton,East,Ongole,Andhra Pradesh,12105,9216.75,48,2888.25,23.86,0.26,7/28/2024,,,,,,,,
ORD00225,Snacks,Noodles,East,Thanda,Andhra Pradesh,12087,9461,48,2626,21.73,0.215555556,10/16/2023,,,,,,,,
ORD00226,Beverages,Soft Drinks,Central,Viluppuram,Andhra Pradesh,12079,9412.94,48,2666.06,22.07,0.24875,4/16/2023,,,,,,,,
ORD00227,Snacks,Chocolates,West,Markapur,Andhra Pradesh,12031,8924.92,48,3106.08,25.82,0.2475,5/29/2024,,,,,,,,
ORD00228,Snacks,Chocolates,Central,Vellore,Andhra Pradesh,12030,8019.1,48,4010.9,33.34,0.197777778,7/14/2024,,,,,,,,
ORD00229,Beverages,Health Drinks,East,Krishnagiri,Andhra Pradesh,12016,8192.88,48,3823.12,31.82,0.262222222,1/3/2022,,,,,,,,
ORD00230,Beverages,Soft Drinks,West,Cumbum,Andhra Pradesh,11981,9773.64,48,2207.36,18.42,0.217142857,4/26/2023,,,,,,,,
ORD00231,"Eggs, Meat & Fish",Mutton,West,Markapur,Andhra Pradesh,11970,8621.23,48,3348.77,27.98,0.208571429,8/25/2024,,,,,,,,
ORD00232,Food Grains,Organic Staples,South,Ballari,Andhra Pradesh,11968,8593.4,48,3374.6,28.2,0.191428571,10/22/2023,,,,,,,,
ORD00233,Fruits & Veggies,Fresh Vegetables,West,Markapur,Andhra Pradesh,11923,9292.49,48,2630.51,22.06,0.26625,11/11/2023,,,,,,,,
ORD00234,Food Grains,Dals & Pulses,Central,Thanda,Andhra Pradesh,11886,9014.7,48,2871.3,24.16,0.237142857,5/2/2023,,,,,,,,
ORD00235,Snacks,Cookies,West,Ongole,Andhra Pradesh,11872,9057.27,47,2814.73,23.71,0.178571429,3/4/2022,,,,,,,,
ORD00236,Beverages,Health Drinks,West,Cumbum,Andhra Pradesh,11867,9716.76,47,2150.24,18.12,0.28,10/9/2024,,,,,,,,
ORD00237,Oil & Masala,Edible Oil & Ghee,East,Eluru,Andhra Pradesh,11867,8997.84,47,2869.16,24.18,0.23125,4/4/2023,,,,,,,,
ORD00238,"Eggs, Meat & Fish",Fish,West,Ballari,Andhra Pradesh,11842,8452.9,47,3389.1,28.62,0.1975,2/11/2023,,,,,,,,
ORD00239,Fruits & Veggies,Fresh Fruits,East,Guntur,Andhra Pradesh,11834,8972.98,47,2861.02,24.18,0.208333333,6/17/2023,,,,,,,,
ORD00240,Snacks,Chocolates,East,Adoni,Andhra Pradesh,11827,8203.74,47,3623.26,30.64,0.26,2/6/2023,,,,,,,,
ORD00241,Beverages,Soft Drinks,South,Anathapuram,Andhra Pradesh,11827,9174.94,47,2652.06,22.42,0.17625,9/26/2024,,,,,,,,
ORD00242,Bakery,Biscuits,East,Kadiri,Andhra Pradesh,11821,8406.36,47,3414.64,28.89,0.217142857,7/14/2024,,,,,,,,
ORD00243,Food Grains,Atta & Flour,West,Prakasham,Andhra Pradesh,11817,9135.34,47,2681.66,22.69,0.1775,3/31/2024,,,,,,,,
ORD00244,Snacks,Noodles,Central,Thanda,Andhra Pradesh,11816,9404.06,47,2411.94,20.41,0.2025,4/11/2024,,,,,,,,
ORD00245,Food Grains,Atta & Flour,West,Cumbum,Andhra Pradesh,11790,9609.38,47,2180.62,18.5,0.218333333,6/15/2022,,,,,,,,
ORD00246,"Eggs, Meat & Fish",Fish,East,Kodmur,Andhra Pradesh,11755,8531.72,47,3223.28,27.42,0.224285714,12/9/2023,,,,,,,,
ORD00247,Fruits & Veggies,Fresh Vegetables,Central,Anathapuram,Andhra Pradesh,11749,9265.95,47,2483.05,21.13,0.262857143,8/26/2022,,,,,,,,
ORD00248,Oil & Masala,Edible Oil & Ghee,Central,Prakasham,Andhra Pradesh,11721,8956.25,47,2764.75,23.59,0.2375,5/25/2024,,,,,,,,
ORD00249,Fruits & Veggies,Organic Vegetables,Central,Nelluru,Andhra Pradesh,11718,8646.53,47,3071.47,26.21,0.208,6/7/2024,,,,,,,,
ORD00250,"Eggs, Meat & Fish",Eggs,Central,Adoni,Andhra Pradesh,11717,8575.91,47,3141.09,26.81,0.238571429,2/19/2022,,,,,,,,
ORD00251,Snacks,Chocolates,West,Prakasham,Andhra Pradesh,11716,8825.08,47,2890.92,24.67,0.2525,1/26/2024,,,,,,,,
ORD00252,Beverages,Health Drinks,South,Dhone,Andhra Pradesh,11714,9289,47,2425,20.7,0.166666667,9/13/2023,,,,,,,,
ORD00253,Snacks,Chocolates,East,Nandyal,Andhra Pradesh,11713,9398.37,47,2314.63,19.76,0.22125,8/22/2022,,,,,,,,
ORD00254,Bakery,Cakes,Central,Prakasham,Andhra Pradesh,11699,9983,47,1716,14.67,0.205,4/9/2023,,,,,,,,
ORD00255,Fruits & Veggies,Organic Fruits,West,Visakhapatnam,Andhra Pradesh,11697,8620.61,47,3076.39,26.3,0.18125,5/21/2023,,,,,,,,
ORD00256,Bakery,Breads & Buns,East,Kodmur,Andhra Pradesh,11692,8910.83,47,2781.17,23.79,0.175,11/22/2024,,,,,,,,
ORD00257,Oil & Masala,Edible Oil & Ghee,South,Kodmur,Andhra Pradesh,11691,8978.62,47,2712.38,23.2,0.232857143,7/19/2022,,,,,,,,
ORD00258,Food Grains,Organic Staples,Central,Vizag,Andhra Pradesh,11691,8429.46,47,3261.54,27.9,0.16,5/8/2022,,,,,,,,
ORD00259,Food Grains,Dals & Pulses,West,Kurnool,Andhra Pradesh,11671,8732.13,47,2938.87,25.18,0.227142857,2/26/2023,,,,,,,,
ORD00260,Snacks,Chocolates,West,Krishnagiri,Andhra Pradesh,11662,8690.97,47,2971.03,25.48,0.218888889,10/5/2022,,,,,,,,
ORD00261,Beverages,Health Drinks,East,Vizag,Andhra Pradesh,11659,8717.26,47,2941.74,25.23,0.22,1/7/2022,,,,,,,,
ORD00262,Beverages,Soft Drinks,South,Prakasham,Andhra Pradesh,11627,9412.53,47,2214.47,19.05,0.228333333,8/2/2023,,,,,,,,
ORD00263,Beverages,Soft Drinks,South,Thanda,Andhra Pradesh,11611,8679.33,46,2931.67,25.25,0.237142857,12/3/2022,,,,,,,,
ORD00264,Snacks,Cookies,West,Guntur,Andhra Pradesh,11572,8333.27,46,3238.73,27.99,0.25625,10/28/2024,,,,,,,,
ORD00265,Snacks,Cookies,West,Nelluru,Andhra Pradesh,11559,8950,46,2609,22.57,0.255714286,8/28/2023,,,,,,,,
ORD00266,Beverages,Soft Drinks,West,Nandyal,Andhra Pradesh,11555,8499.39,46,3055.61,26.44,0.252857143,12/7/2022,,,,,,,,
ORD00267,Oil & Masala,Masalas,West,Thanda,Andhra Pradesh,11552,9196.16,46,2355.84,20.39,0.235,4/14/2023,,,,,,,,
ORD00268,"Eggs, Meat & Fish",Fish,South,Cumbum,Andhra Pradesh,11548,8008.74,46,3539.26,30.65,0.207142857,2/19/2022,,,,,,,,
ORD00269,Snacks,Chocolates,Central,Kodmur,Andhra Pradesh,11540,9055.78,46,2484.22,21.53,0.227142857,1/28/2024,,,,,,,,
ORD00270,Snacks,Noodles,East,Kanyakumari,Andhra Pradesh,11537,7826.54,46,3710.46,32.16,0.2625,3/30/2023,,,,,,,,
ORD00271,Oil & Masala,Edible Oil & Ghee,Central,Kanyakumari,Andhra Pradesh,11525,8677.72,46,2847.28,24.71,0.183333333,10/29/2022,,,,,,,,
ORD00272,Beverages,Soft Drinks,West,Viluppuram,Andhra Pradesh,11525,8369.71,46,3155.29,27.38,0.2575,7/15/2022,,,,,,,,
ORD00273,Snacks,Cookies,Central,Guntur,Andhra Pradesh,11523,8899.82,46,2623.18,22.76,0.204285714,5/29/2022,,,,,,,,
ORD00274,Bakery,Cakes,South,Kurnool,Andhra Pradesh,11523,8810.39,46,2712.61,23.54,0.233,6/17/2024,,,,,,,,
ORD00275,Snacks,Chocolates,West,Anathapuram,Andhra Pradesh,11516,9162.25,46,2353.75,20.44,0.191111111,3/20/2022,,,,,,,,
ORD00276,Beverages,Soft Drinks,East,Vellore,Andhra Pradesh,11515,8502.58,46,3012.42,26.16,0.272857143,3/25/2022,,,,,,,,
ORD00277,"Eggs, Meat & Fish",Eggs,West,Viluppuram,Andhra Pradesh,11505,8838.89,46,2666.11,23.17,0.191111111,7/12/2024,,,,,,,,
ORD00278,Snacks,Noodles,Central,Viluppuram,Andhra Pradesh,11505,8758.64,46,2746.36,23.87,0.26375,1/2/2023,,,,,,,,
ORD00279,Beverages,Soft Drinks,East,Markapur,Andhra Pradesh,11501,9183.48,46,2317.52,20.15,0.25125,3/21/2022,,,,,,,,
ORD00280,Fruits & Veggies,Organic Fruits,West,Ramanadhapuram,Andhra Pradesh,11499,8810.26,46,2688.74,23.38,0.224285714,3/29/2022,,,,,,,,
ORD00281,Beverages,Soft Drinks,West,Dhone,Andhra Pradesh,11487,8114.33,46,3372.67,29.36,0.202222222,11/1/2022,,,,,,,,
ORD00282,Fruits & Veggies,Organic Vegetables,South,Nelluru,Andhra Pradesh,11480,8497.72,46,2982.28,25.98,0.268571429,12/25/2022,,,,,,,,
ORD00283,Food Grains,Organic Staples,West,Dhone,Andhra Pradesh,11474,8638.86,46,2835.14,24.71,0.2025,8/31/2024,,,,,,,,
ORD00284,Beverages,Health Drinks,East,Thanda,Andhra Pradesh,11467,8487.95,46,2979.05,25.98,0.225,5/17/2024,,,,,,,,
ORD00285,Beverages,Soft Drinks,Central,Adoni,Andhra Pradesh,11456,8575.82,46,2880.18,25.14,0.1975,6/3/2022,,,,,,,,
ORD00286,Fruits & Veggies,Fresh Vegetables,East,Kadiri,Andhra Pradesh,11434,8242.27,46,3191.73,27.91,0.186666667,5/9/2023,,,,,,,,
ORD00287,Snacks,Cookies,West,Adoni,Andhra Pradesh,11433,8871.73,46,2561.27,22.4,0.185,3/15/2022,,,,,,,,
ORD00288,Bakery,Biscuits,East,Ongole,Andhra Pradesh,11415,8251.77,46,3163.23,27.71,0.225714286,4/3/2024,,,,,,,,
ORD00289,Oil & Masala,Masalas,East,Visakhapatnam,Andhra Pradesh,11411,8902.53,46,2508.47,21.98,0.217142857,2/9/2022,,,,,,,,
ORD00290,Food Grains,Rice,Central,Guntur,Andhra Pradesh,11376,9078.38,46,2297.62,20.2,0.228333333,9/5/2022,,,,,,,,
ORD00291,Oil & Masala,Masalas,West,Anathapuram,Andhra Pradesh,11358,9724.18,45,1633.82,14.38,0.237142857,2/22/2024,,,,,,,,
ORD00292,"Eggs, Meat & Fish",Mutton,South,Kanyakumari,Andhra Pradesh,11355,7207.59,45,4147.41,36.52,0.186666667,4/14/2024,,,,,,,,
ORD00293,Beverages,Soft Drinks,East,Nandyal,Andhra Pradesh,11354,9132.85,45,2221.15,19.56,0.2475,2/9/2022,,,,,,,,
ORD00294,Bakery,Breads & Buns,West,Ramanadhapuram,Andhra Pradesh,11327,7751.71,45,3575.29,31.56,0.275,11/7/2024,,,,,,,,
ORD00295,Beverages,Health Drinks,South,Viluppuram,Andhra Pradesh,11327,9111.98,45,2215.02,19.56,0.2325,4/24/2024,,,,,,,,
ORD00296,"Eggs, Meat & Fish",Mutton,East,Vizag,Andhra Pradesh,11326,9272.19,45,2053.81,18.13,0.23875,2/10/2024,,,,,,,,
ORD00297,"Eggs, Meat & Fish",Fish,West,Markapur,Andhra Pradesh,11322,8040.28,45,3281.72,28.99,0.21875,5/14/2023,,,,,,,,
ORD00298,Bakery,Breads & Buns,East,Thanda,Andhra Pradesh,11307,7840.65,45,3466.35,30.66,0.2275,1/17/2024,,,,,,,,
ORD00299,Beverages,Health Drinks,East,Dharmavaram,Andhra Pradesh,11303,8196.44,45,3106.56,27.48,0.262857143,8/1/2024,,,,,,,,
ORD00300,Beverages,Soft Drinks,West,Kanyakumari,Andhra Pradesh,11299,8420.36,45,2878.64,25.48,0.22375,4/1/2024,,,,,,,,
ORD00301,Bakery,Breads & Buns,Central,Krishnagiri,Andhra Pradesh,11297,8000.81,45,3296.19,29.18,0.271428571,4/19/2023,,,,,,,,
ORD00302,Snacks,Noodles,West,Adoni,Andhra Pradesh,11295,9348.95,45,1946.05,17.23,0.237142857,6/21/2022,,,,,,,,
ORD00303,"Eggs, Meat & Fish",Chicken,West,Nandyal,Andhra Pradesh,11293,9772.6,45,1520.4,13.46,0.244285714,5/21/2024,,,,,,,,
ORD00304,Snacks,Noodles,West,Dhone,Andhra Pradesh,11291,8194.87,45,3096.13,27.42,0.22625,5/27/2023,,,,,,,,
ORD00305,Oil & Masala,Masalas,East,Kodmur,Andhra Pradesh,11284,8000.37,45,3283.63,29.1,0.245714286,5/8/2022,,,,,,,,
ORD00306,Bakery,Cakes,West,Prakasham,Andhra Pradesh,11244,8811.65,45,2432.35,21.63,0.254285714,11/8/2024,,,,,,,,
ORD00307,Oil & Masala,Spices,West,Kurnool,Andhra Pradesh,11226,8315.43,45,2910.57,25.93,0.201428571,5/26/2022,,,,,,,,
ORD00308,Oil & Masala,Spices,Central,Ballari,Andhra Pradesh,11191,7953.7,45,3237.3,28.93,0.212857143,5/11/2023,,,,,,,,
ORD00309,"Eggs, Meat & Fish",Eggs,West,Ballari,Andhra Pradesh,11187,8352.22,45,2834.78,25.34,0.181428571,9/3/2022,,,,,,,,
ORD00310,Fruits & Veggies,Organic Vegetables,Central,Kodmur,Andhra Pradesh,11186,8332.88,45,2853.12,25.51,0.2625,2/6/2022,,,,,,,,
ORD00311,Snacks,Noodles,West,Vizag,Andhra Pradesh,11181,8276.35,45,2904.65,25.98,0.214285714,7/8/2024,,,,,,,,
ORD00312,Bakery,Biscuits,West,Anathapuram,Andhra Pradesh,11177,8844.54,45,2332.46,20.87,0.24,1/5/2022,,,,,,,,
ORD00313,Snacks,Cookies,Central,Ballari,Andhra Pradesh,11156,8685.29,45,2470.71,22.15,0.212857143,5/14/2024,,,,,,,,
ORD00314,Fruits & Veggies,Organic Vegetables,West,Anathapuram,Andhra Pradesh,11151,8106.82,45,3044.18,27.3,0.214285714,7/2/2024,,,,,,,,
ORD00315,Food Grains,Atta & Flour,West,Dharmavaram,Andhra Pradesh,11149,7807.03,45,3341.97,29.98,0.244285714,6/5/2023,,,,,,,,
ORD00316,Fruits & Veggies,Organic Fruits,East,Kurnool,Andhra Pradesh,11147,8930.18,45,2216.82,19.89,0.201428571,1/5/2024,,,,,,,,
ORD00317,Snacks,Chocolates,East,Kanyakumari,Andhra Pradesh,11142,9402.96,45,1739.04,15.61,0.2,3/29/2024,,,,,,,,
ORD00318,Food Grains,Dals & Pulses,West,Vellore,Andhra Pradesh,11139,8497.02,45,2641.98,23.72,0.237142857,7/13/2023,,,,,,,,
ORD00319,Fruits & Veggies,Organic Vegetables,East,Vellore,Andhra Pradesh,11133,7980.2,45,3152.8,28.32,0.252857143,7/23/2024,,,,,,,,
ORD00320,Oil & Masala,Spices,East,Vizag,Andhra Pradesh,11124,7057.85,44,4066.15,36.55,0.228571429,6/17/2024,,,,,,,,
ORD00321,Snacks,Noodles,West,Dharmavaram,Andhra Pradesh,11118,7904.41,44,3213.59,28.9,0.251428571,6/6/2022,,,,,,,,
ORD00322,Fruits & Veggies,Fresh Fruits,West,Nandyal,Andhra Pradesh,11117,8754.79,44,2362.21,21.25,0.245714286,5/11/2022,,,,,,,,
ORD00323,Bakery,Cakes,South,Nandyal,Andhra Pradesh,11106,9628.18,44,1477.82,13.31,0.238,8/22/2024,,,,,,,,
ORD00324,Oil & Masala,Masalas,West,Kurnool,Andhra Pradesh,11100,8511.89,44,2588.11,23.32,0.258571429,1/10/2023,,,,,,,,
ORD00325,Oil & Masala,Spices,West,Guntur,Andhra Pradesh,11084,7325.9,44,3758.1,33.91,0.217142857,4/23/2022,,,,,,,,
ORD00326,Beverages,Health Drinks,Central,Markapur,Andhra Pradesh,11076,8401.7,44,2674.3,24.14,0.203333333,10/18/2023,,,,,,,,
ORD00327,Beverages,Soft Drinks,East,Kadiri,Andhra Pradesh,11064,8050.45,44,3013.55,27.24,0.242857143,6/7/2023,,,,,,,,
ORD00328,"Eggs, Meat & Fish",Eggs,Central,Dharmavaram,Andhra Pradesh,11063,8460.5,44,2602.5,23.52,0.241666667,2/7/2022,,,,,,,,
ORD00329,Beverages,Health Drinks,Central,Kurnool,Andhra Pradesh,11062,8296.6,44,2765.4,25,0.245,12/11/2024,,,,,,,,
ORD00330,Beverages,Health Drinks,East,Anathapuram,Andhra Pradesh,11050,8136.67,44,2913.33,26.36,0.222857143,7/24/2023,,,,,,,,
ORD00331,Snacks,Chocolates,East,Prakasham,Andhra Pradesh,11028,8194.26,44,2833.74,25.7,0.24,10/18/2022,,,,,,,,
ORD00332,"Eggs, Meat & Fish",Chicken,West,Vellore,Andhra Pradesh,11015,8199.46,44,2815.54,25.56,0.2225,10/22/2024,,,,,,,,
ORD00333,Oil & Masala,Spices,Central,Kadiri,Andhra Pradesh,11001,8093.21,44,2907.79,26.43,0.201428571,10/13/2022,,,,,,,,
ORD00334,Oil & Masala,Masalas,West,Kanyakumari,Andhra Pradesh,10998,8619.8,44,2378.2,21.62,0.19,2/5/2023,,,,,,,,
ORD00335,Bakery,Breads & Buns,South,Vizag,Andhra Pradesh,10994,7359.27,44,3634.73,33.06,0.218,1/10/2024,,,,,,,,
ORD00336,Fruits & Veggies,Fresh Vegetables,East,Krishnagiri,Andhra Pradesh,10984,8508.35,44,2475.65,22.54,0.195,7/5/2023,,,,,,,,
ORD00337,Snacks,Noodles,East,Vellore,Andhra Pradesh,10974,8401.86,44,2572.14,23.44,0.27,3/23/2024,,,,,,,,
ORD00338,Snacks,Cookies,Central,Kodmur,Andhra Pradesh,10969,8038.18,44,2930.82,26.72,0.242,11/18/2024,,,,,,,,
ORD00339,Beverages,Health Drinks,South,Kanyakumari,Andhra Pradesh,10941,6538.23,44,4402.77,40.24,0.208333333,10/14/2023,,,,,,,,
ORD00340,"Eggs, Meat & Fish",Mutton,East,Cumbum,Andhra Pradesh,10936,8763.31,44,2172.69,19.87,0.24,5/7/2024,,,,,,,,
ORD00341,Beverages,Health Drinks,South,Prakasham,Andhra Pradesh,10934,7248.01,44,3685.99,33.71,0.254285714,7/1/2022,,,,,,,,
ORD00342,Beverages,Health Drinks,Central,Nandyal,Andhra Pradesh,10932,7735.22,44,3196.78,29.24,0.233333333,5/5/2023,,,,,,,,
ORD00343,Food Grains,Dals & Pulses,West,Markapur,Andhra Pradesh,10924,7661.97,44,3262.03,29.86,0.244285714,1/21/2023,,,,,,,,
ORD00344,Beverages,Soft Drinks,Central,Guntur,Andhra Pradesh,10923,8214.39,44,2708.61,24.8,0.224444444,10/9/2023,,,,,,,,
ORD00345,Fruits & Veggies,Fresh Fruits,Central,Vellore,Andhra Pradesh,10905,7610.72,44,3294.28,30.21,0.261428571,3/17/2024,,,,,,,,
ORD00346,Snacks,Noodles,West,Kodmur,Andhra Pradesh,10904,8482.14,44,2421.86,22.21,0.228888889,10/14/2023,,,,,,,,
ORD00347,Bakery,Biscuits,South,Vizag,Andhra Pradesh,10899,7432.89,44,3466.11,31.8,0.21125,8/8/2023,,,,,,,,
ORD00348,Bakery,Cakes,West,Eluru,Andhra Pradesh,10891,8290.88,44,2600.12,23.87,0.186666667,8/9/2022,,,,,,,,
ORD00349,Beverages,Soft Drinks,Central,Nandyal,Andhra Pradesh,10888,8086.09,44,2801.91,25.73,0.227142857,4/27/2023,,,,,,,,
ORD00350,Beverages,Soft Drinks,East,Nelluru,Andhra Pradesh,10887,9186.7,44,1700.3,15.62,0.251428571,10/9/2023,,,,,,,,
ORD00351,Snacks,Chocolates,West,Ramanadhapuram,Andhra Pradesh,10876,9277.03,44,1598.97,14.7,0.24375,7/22/2022,,,,,,,,
ORD00352,Beverages,Soft Drinks,West,Prakasham,Andhra Pradesh,10869,7518.86,43,3350.14,30.82,0.144285714,8/8/2024,,,,,,,,
ORD00353,Oil & Masala,Edible Oil & Ghee,South,Adoni,Andhra Pradesh,10866,7460.13,43,3405.87,31.34,0.236666667,1/16/2024,,,,,,,,
ORD00354,Food Grains,Organic Staples,East,Markapur,Andhra Pradesh,10853,8749.01,43,2103.99,19.39,0.2375,1/3/2022,,,,,,,,
ORD00355,Oil & Masala,Edible Oil & Ghee,Central,Dhone,Andhra Pradesh,10842,8312.04,43,2529.96,23.33,0.192857143,7/5/2024,,,,,,,,
ORD00356,Snacks,Noodles,Central,Anathapuram,Andhra Pradesh,10841,7781.91,43,3059.09,28.22,0.216666667,12/22/2023,,,,,,,,
ORD00357,Fruits & Veggies,Fresh Vegetables,East,Cumbum,Andhra Pradesh,10827,9069.96,43,1757.04,16.23,0.188333333,12/6/2023,,,,,,,,
ORD00358,Beverages,Soft Drinks,West,Ongole,Andhra Pradesh,10821,8313.83,43,2507.17,23.17,0.265,9/29/2024,,,,,,,,
ORD00359,Beverages,Soft Drinks,East,Viluppuram,Andhra Pradesh,10810,8575.87,43,2234.13,20.67,0.211666667,2/14/2024,,,,,,,,
ORD00360,"Eggs, Meat & Fish",Mutton,East,Kodmur,Andhra Pradesh,10796,9252.19,43,1543.81,14.3,0.225714286,10/16/2022,,,,,,,,
ORD00361,Fruits & Veggies,Fresh Fruits,East,Vizag,Andhra Pradesh,10776,7881.33,43,2894.67,26.86,0.197142857,6/26/2024,,,,,,,,
ORD00362,Bakery,Cakes,West,Kodmur,Andhra Pradesh,10769,8302.21,43,2466.79,22.91,0.24125,1/7/2024,,,,,,,,
ORD00363,Bakery,Breads & Buns,West,Dharmavaram,Andhra Pradesh,10754,8617.94,43,2136.06,19.86,0.177142857,1/15/2024,,,,,,,,
ORD00364,Bakery,Breads & Buns,Central,Ramanadhapuram,Andhra Pradesh,10751,8924.95,43,1826.05,16.98,0.262857143,8/16/2022,,,,,,,,
ORD00365,Oil & Masala,Edible Oil & Ghee,West,Guntur,Andhra Pradesh,10742,7959.75,43,2782.25,25.9,0.202857143,11/2/2023,,,,,,,,
ORD00366,Snacks,Cookies,West,Thanda,Andhra Pradesh,10736,8481.02,43,2254.98,21,0.235714286,7/26/2024,,,,,,,,
ORD00367,Beverages,Soft Drinks,West,Thanda,Andhra Pradesh,10718,7943.16,43,2774.84,25.89,0.24,6/1/2023,,,,,,,,
ORD00368,Bakery,Biscuits,West,Ongole,Andhra Pradesh,10706,7642.38,43,3063.62,28.62,0.215,3/6/2024,,,,,,,,
ORD00369,Bakery,Biscuits,West,Thanda,Andhra Pradesh,10700,8007.95,43,2692.05,25.16,0.268571429,1/8/2023,,,,,,,,
ORD00370,"Eggs, Meat & Fish",Eggs,West,Eluru,Andhra Pradesh,10696,8177.55,43,2518.45,23.55,0.231428571,11/24/2023,,,,,,,,
ORD00371,Fruits & Veggies,Organic Vegetables,South,Eluru,Andhra Pradesh,10689,8285.98,43,2403.02,22.48,0.2,8/17/2024,,,,,,,,
ORD00372,Bakery,Cakes,West,Dhone,Andhra Pradesh,10688,8308.21,43,2379.79,22.27,0.182857143,2/23/2022,,,,,,,,
ORD00373,Food Grains,Organic Staples,West,Ramanadhapuram,Andhra Pradesh,10680,8525.25,43,2154.75,20.18,0.178333333,10/14/2024,,,,,,,,
ORD00374,Bakery,Cakes,Central,Nelluru,Andhra Pradesh,10670,8147.41,43,2522.59,23.64,0.201428571,4/6/2023,,,,,,,,
ORD00375,"Eggs, Meat & Fish",Mutton,Central,Adoni,Andhra Pradesh,10658,8082.84,43,2575.16,24.16,0.195,9/1/2022,,,,,,,,
ORD00376,"Eggs, Meat & Fish",Fish,East,Kurnool,Andhra Pradesh,10619,7422.59,42,3196.41,30.1,0.222857143,10/3/2022,,,,,,,,
ORD00377,"Eggs, Meat & Fish",Mutton,West,Ramanadhapuram,Andhra Pradesh,10614,7095.13,42,3518.87,33.15,0.21,1/12/2023,,,,,,,,
ORD00378,Beverages,Soft Drinks,West,Eluru,Andhra Pradesh,10602,7819.15,42,2782.85,26.25,0.201428571,9/9/2022,,,,,,,,
ORD00379,Bakery,Biscuits,West,Visakhapatnam,Andhra Pradesh,10578,8530.16,42,2047.84,19.36,0.21625,12/6/2024,,,,,,,,
ORD00380,Beverages,Soft Drinks,Central,Markapur,Andhra Pradesh,10552,7785.36,42,2766.64,26.22,0.225,4/4/2022,,,,,,,,
ORD00381,Snacks,Cookies,South,Eluru,Andhra Pradesh,10537,7620.46,42,2916.54,27.68,0.227142857,3/31/2023,,,,,,,,
ORD00382,Food Grains,Atta & Flour,East,Ballari,Andhra Pradesh,10537,7769.15,42,2767.85,26.27,0.21,8/20/2023,,,,,,,,
ORD00383,Snacks,Chocolates,East,Visakhapatnam,Andhra Pradesh,10534,7244.16,42,3289.84,31.23,0.254285714,1/2/2023,,,,,,,,
ORD00384,Oil & Masala,Edible Oil & Ghee,Central,Vellore,Andhra Pradesh,10519,6705.69,42,3813.31,36.25,0.293333333,12/7/2023,,,,,,,,
ORD00385,Fruits & Veggies,Fresh Fruits,East,Dhone,Andhra Pradesh,10515,8362.41,42,2152.59,20.47,0.267142857,7/31/2022,,,,,,,,
ORD00386,Bakery,Biscuits,East,Kodmur,Andhra Pradesh,10512,8594.19,42,1917.81,18.24,0.223333333,11/24/2024,,,,,,,,
ORD00387,Beverages,Health Drinks,Central,Nelluru,Andhra Pradesh,10491,7528.4,42,2962.6,28.24,0.21,8/7/2023,,,,,,,,
ORD00388,Fruits & Veggies,Fresh Fruits,East,Ballari,Andhra Pradesh,10488,7872.92,42,2615.08,24.93,0.253333333,1/2/2022,,,,,,,,
ORD00389,Oil & Masala,Edible Oil & Ghee,East,Dharmavaram,Andhra Pradesh,10466,7629.68,42,2836.32,27.1,0.286666667,6/9/2024,,,,,,,,
ORD00390,Oil & Masala,Spices,East,Visakhapatnam,Andhra Pradesh,10453,8756.56,42,1696.44,16.23,0.196666667,1/11/2024,,,,,,,,
ORD00391,"Eggs, Meat & Fish",Eggs,West,Vizag,Andhra Pradesh,10444,7168.7,42,3275.3,31.36,0.151666667,3/17/2022,,,,,,,,
ORD00392,"Eggs, Meat & Fish",Mutton,West,Visakhapatnam,Andhra Pradesh,10439,7162.46,42,3276.54,31.39,0.20125,7/22/2023,,,,,,,,
ORD00393,Fruits & Veggies,Fresh Vegetables,Central,Vizag,Andhra Pradesh,10430,7979.79,42,2450.21,23.49,0.247142857,5/16/2024,,,,,,,,
ORD00394,Oil & Masala,Spices,West,Adoni,Andhra Pradesh,10425,7810.56,42,2614.44,25.08,0.267142857,6/10/2024,,,,,,,,
ORD00395,Fruits & Veggies,Fresh Vegetables,East,Ongole,Andhra Pradesh,10422,7853.43,42,2568.57,24.65,0.2,1/23/2023,,,,,,,,
ORD00396,Oil & Masala,Masalas,Central,Dharmavaram,Andhra Pradesh,10413,6897.74,42,3515.26,33.76,0.232857143,5/24/2024,,,,,,,,
ORD00397,Food Grains,Organic Staples,West,Thanda,Andhra Pradesh,10413,7621.61,42,2791.39,26.81,0.21125,8/6/2022,,,,,,,,
ORD00398,Beverages,Soft Drinks,East,Krishnagiri,Andhra Pradesh,10400,7145.71,42,3254.29,31.29,0.246666667,10/26/2024,,,,,,,,
ORD00399,Bakery,Cakes,South,Dhone,Andhra Pradesh,10392,7718.73,42,2673.27,25.72,0.254,2/22/2023,,,,,,,,
ORD00400,Oil & Masala,Spices,East,Ballari,Andhra Pradesh,10348,7856.08,41,2491.92,24.08,0.23,7/6/2024,,,,,,,,
ORD00401,"Eggs, Meat & Fish",Mutton,West,Dhone,Andhra Pradesh,10341,7966.14,41,2374.86,22.97,0.18875,8/14/2023,,,,,,,,
ORD00402,Food Grains,Organic Staples,West,Nelluru,Andhra Pradesh,10335,8516.31,41,1818.69,17.6,0.245,8/19/2024,,,,,,,,
ORD00403,Bakery,Biscuits,East,Anathapuram,Andhra Pradesh,10330,7382.66,41,2947.34,28.53,0.224285714,10/13/2022,,,,,,,,
ORD00404,Bakery,Cakes,West,Ramanadhapuram,Andhra Pradesh,10311,7227.83,41,3083.17,29.9,0.19,1/31/2022,,,,,,,,
ORD00405,Snacks,Cookies,East,Kanyakumari,Andhra Pradesh,10291,7109.39,41,3181.61,30.92,0.241111111,11/22/2024,,,,,,,,
ORD00406,Oil & Masala,Masalas,Central,Kanyakumari,Andhra Pradesh,10290,8372.47,41,1917.53,18.63,0.21,3/19/2022,,,,,,,,
ORD00407,Oil & Masala,Spices,East,Krishnagiri,Andhra Pradesh,10271,7552.33,41,2718.67,26.47,0.245714286,3/12/2022,,,,,,,,
ORD00408,Bakery,Breads & Buns,West,Markapur,Andhra Pradesh,10259,8040.69,41,2218.31,21.62,0.201666667,6/15/2022,,,,,,,,
ORD00409,Beverages,Health Drinks,South,Adoni,Andhra Pradesh,10256,7581.45,41,2674.55,26.08,0.232857143,10/19/2023,,,,,,,,
ORD00410,Food Grains,Dals & Pulses,West,Visakhapatnam,Andhra Pradesh,10252,8964.25,41,1287.75,12.56,0.248,10/15/2023,,,,,,,,
ORD00411,Snacks,Noodles,East,Viluppuram,Andhra Pradesh,10247,6801.43,41,3445.57,33.63,0.214285714,4/28/2024,,,,,,,,
ORD00412,Beverages,Health Drinks,West,Krishnagiri,Andhra Pradesh,10229,7474.32,41,2754.68,26.93,0.271111111,5/1/2024,,,,,,,,
ORD00413,Oil & Masala,Edible Oil & Ghee,West,Anathapuram,Andhra Pradesh,10228,7961.03,41,2266.97,22.16,0.237142857,11/27/2024,,,,,,,,
ORD00414,Fruits & Veggies,Organic Vegetables,South,Kurnool,Andhra Pradesh,10219,8211.8,41,2007.2,19.64,0.224285714,8/21/2022,,,,,,,,
ORD00415,Fruits & Veggies,Fresh Fruits,East,Eluru,Andhra Pradesh,10200,7783.85,41,2416.15,23.69,0.175,2/8/2022,,,,,,,,
ORD00416,Fruits & Veggies,Organic Vegetables,East,Thanda,Andhra Pradesh,10193,7936.92,41,2256.08,22.13,0.231666667,9/4/2022,,,,,,,,
ORD00417,Oil & Masala,Spices,East,Thanda,Andhra Pradesh,10192,7420.27,41,2771.73,27.2,0.212857143,11/18/2024,,,,,,,,
ORD00418,"Eggs, Meat & Fish",Eggs,Central,Cumbum,Andhra Pradesh,10190,7623.26,41,2566.74,25.19,0.262857143,1/15/2022,,,,,,,,
ORD00419,"Eggs, Meat & Fish",Fish,West,Vellore,Andhra Pradesh,10174,7360.32,41,2813.68,27.66,0.24,10/3/2023,,,,,,,,
ORD00420,Beverages,Soft Drinks,South,Eluru,Andhra Pradesh,10169,7499.63,41,2669.37,26.25,0.25,1/7/2024,,,,,,,,
ORD00421,"Eggs, Meat & Fish",Chicken,West,Visakhapatnam,Andhra Pradesh,10167,8133.35,41,2033.65,20,0.252857143,3/29/2023,,,,,,,,
ORD00422,Bakery,Biscuits,East,Guntur,Andhra Pradesh,10162,6880.18,41,3281.82,32.3,0.215,3/23/2022,,,,,,,,
ORD00423,Beverages,Soft Drinks,East,Ongole,Andhra Pradesh,10149,7988.62,41,2160.38,21.29,0.205714286,6/21/2024,,,,,,,,
ORD00424,Snacks,Chocolates,Central,Anathapuram,Andhra Pradesh,10145,7646.16,41,2498.84,24.63,0.215,10/8/2022,,,,,,,,
ORD00425,Food Grains,Atta & Flour,West,Adoni,Andhra Pradesh,10138,8882.25,41,1255.75,12.39,0.245,6/8/2023,,,,,,,,
ORD00426,Beverages,Health Drinks,West,Dharmavaram,Andhra Pradesh,10126,7600.12,41,2525.88,24.94,0.213333333,11/11/2022,,,,,,,,
ORD00427,Food Grains,Dals & Pulses,East,Visakhapatnam,Andhra Pradesh,10121,7740.51,40,2380.49,23.52,0.245,7/23/2023,,,,,,,,
ORD00428,Fruits & Veggies,Organic Fruits,West,Nelluru,Andhra Pradesh,10121,7469.71,40,2651.29,26.2,0.272,2/15/2024,,,,,,,,
ORD00429,Bakery,Biscuits,East,Viluppuram,Andhra Pradesh,10118,6829.86,40,3288.14,32.5,0.257142857,4/8/2024,,,,,,,,
ORD00430,Snacks,Cookies,West,Cumbum,Andhra Pradesh,10117,7145.11,40,2971.89,29.38,0.25125,3/18/2023,,,,,,,,
ORD00431,Fruits & Veggies,Organic Fruits,West,Kanyakumari,Andhra Pradesh,10104,7430.6,40,2673.4,26.46,0.198333333,6/1/2024,,,,,,,,
ORD00432,Fruits & Veggies,Organic Fruits,Central,Kodmur,Andhra Pradesh,10094,7242.06,40,2851.94,28.25,0.26,2/10/2024,,,,,,,,
ORD00433,Beverages,Health Drinks,Central,Kadiri,Andhra Pradesh,10088,6786.41,40,3301.59,32.73,0.184285714,8/19/2023,,,,,,,,
ORD00434,Oil & Masala,Spices,West,Krishnagiri,Andhra Pradesh,10087,7069.76,40,3017.24,29.91,0.22,1/24/2022,,,,,,,,
ORD00435,Bakery,Biscuits,East,Dhone,Andhra Pradesh,10077,8200.36,40,1876.64,18.62,0.22375,8/14/2024,,,,,,,,
ORD00436,Beverages,Health Drinks,East,Ramanadhapuram,Andhra Pradesh,10070,8194.61,40,1875.39,18.62,0.2,6/10/2024,,,,,,,,
ORD00437,Oil & Masala,Masalas,Central,Markapur,Andhra Pradesh,10057,8001.19,40,2055.81,20.44,0.22,11/26/2023,,,,,,,,
ORD00438,Fruits & Veggies,Fresh Vegetables,West,Ongole,Andhra Pradesh,10052,7026.18,40,3025.82,30.1,0.267142857,9/13/2024,,,,,,,,
ORD00439,Snacks,Noodles,East,Dharmavaram,Andhra Pradesh,10025,7648.12,40,2376.88,23.71,0.283333333,5/20/2022,,,,,,,,
ORD00440,Oil & Masala,Masalas,West,Dhone,Andhra Pradesh,10023,8203.45,40,1819.55,18.15,0.23375,1/30/2023,,,,,,,,
ORD00441,Beverages,Soft Drinks,Central,Visakhapatnam,Andhra Pradesh,10008,6508.56,40,3499.44,34.97,0.197142857,10/12/2022,,,,,,,,
ORD00442,Fruits & Veggies,Organic Fruits,East,Visakhapatnam,Andhra Pradesh,10004,7391.36,40,2612.64,26.12,0.24,10/9/2024,,,,,,,,
ORD00443,Fruits & Veggies,Fresh Fruits,West,Kodmur,Andhra Pradesh,9998,8250.47,40,1747.53,17.48,0.236,12/1/2023,,,,,,,,
ORD00444,Bakery,Breads & Buns,West,Prakasham,Andhra Pradesh,9998,7689.63,40,2308.37,23.09,0.227142857,10/24/2023,,,,,,,,
ORD00445,Oil & Masala,Edible Oil & Ghee,East,Kurnool,Andhra Pradesh,9982,7242.64,40,2739.36,27.44,0.238333333,4/16/2023,,,,,,,,
ORD00446,Fruits & Veggies,Fresh Fruits,South,Visakhapatnam,Andhra Pradesh,9981,6953.05,40,3027.95,30.34,0.198,8/8/2024,,,,,,,,
ORD00447,Oil & Masala,Spices,East,Prakasham,Andhra Pradesh,9966,7820.48,40,2145.52,21.53,0.145,6/13/2024,,,,,,,,
ORD00448,Snacks,Cookies,South,Dharmavaram,Andhra Pradesh,9966,6647.08,40,3318.92,33.3,0.246,2/18/2024,,,,,,,,
ORD00449,Food Grains,Dals & Pulses,East,Dharmavaram,Andhra Pradesh,9961,7795.12,40,2165.88,21.74,0.266666667,10/1/2022,,,,,,,,
ORD00450,"Eggs, Meat & Fish",Fish,East,Guntur,Andhra Pradesh,9930,7351.86,40,2578.14,25.96,0.271666667,10/13/2023,,,,,,,,
ORD00451,Snacks,Noodles,East,Ongole,Andhra Pradesh,9911,7534.45,40,2376.55,23.98,0.216666667,8/8/2022,,,,,,,,
ORD00452,Food Grains,Organic Staples,East,Viluppuram,Andhra Pradesh,9897,6920.76,40,2976.24,30.07,0.211666667,7/10/2022,,,,,,,,
ORD00453,"Eggs, Meat & Fish",Chicken,Central,Adoni,Andhra Pradesh,9894,7446.88,40,2447.12,24.73,0.181666667,5/3/2023,,,,,,,,
ORD00454,Oil & Masala,Edible Oil & Ghee,East,Vellore,Andhra Pradesh,9894,8100.81,40,1793.19,18.12,0.238333333,2/6/2023,,,,,,,,
ORD00455,Fruits & Veggies,Fresh Vegetables,West,Kurnool,Andhra Pradesh,9881,7371.22,40,2509.78,25.4,0.21,11/22/2024,,,,,,,,
ORD00456,Snacks,Cookies,South,Anathapuram,Andhra Pradesh,9857,7582.45,39,2274.55,23.08,0.26625,4/6/2024,,,,,,,,
ORD00457,Snacks,Cookies,East,Kurnool,Andhra Pradesh,9851,7993.48,39,1857.52,18.86,0.26,11/18/2024,,,,,,,,
ORD00458,Food Grains,Atta & Flour,West,Anathapuram,Andhra Pradesh,9838,7919.18,39,1918.82,19.5,0.238571429,4/12/2023,,,,,,,,
ORD00459,Food Grains,Organic Staples,West,Cumbum,Andhra Pradesh,9826,7190.64,39,2635.36,26.82,0.261428571,8/23/2023,,,,,,,,
ORD00460,Oil & Masala,Masalas,West,Prakasham,Andhra Pradesh,9821,6655.32,39,3165.68,32.23,0.23,1/15/2022,,,,,,,,
ORD00461,Bakery,Breads & Buns,West,Adoni,Andhra Pradesh,9816,7728.84,39,2087.16,21.26,0.206666667,1/13/2024,,,,,,,,
ORD00462,Bakery,Cakes,East,Nelluru,Andhra Pradesh,9813,7273.96,39,2539.04,25.87,0.262857143,6/13/2022,,,,,,,,
ORD00463,"Eggs, Meat & Fish",Mutton,Central,Dhone,Andhra Pradesh,9804,7068.44,39,2735.56,27.9,0.275,10/30/2024,,,,,,,,
ORD00464,Food Grains,Atta & Flour,West,Kadiri,Andhra Pradesh,9803,6865.14,39,2937.86,29.97,0.21,8/13/2024,,,,,,,,
ORD00465,Bakery,Biscuits,East,Krishnagiri,Andhra Pradesh,9801,7182.94,39,2618.06,26.71,0.252,8/21/2023,,,,,,,,
ORD00466,Food Grains,Atta & Flour,West,Guntur,Andhra Pradesh,9799,8171.38,39,1627.62,16.61,0.243333333,12/30/2022,,,,,,,,
ORD00467,Oil & Masala,Masalas,East,Anathapuram,Andhra Pradesh,9797,7003.04,39,2793.96,28.52,0.188888889,10/18/2023,,,,,,,,
ORD00468,Bakery,Breads & Buns,West,Kadiri,Andhra Pradesh,9790,7608.49,39,2181.51,22.28,0.21625,11/1/2022,,,,,,,,
ORD00469,Oil & Masala,Masalas,South,Prakasham,Andhra Pradesh,9781,8107.64,39,1673.36,17.11,0.266666667,10/11/2022,,,,,,,,
ORD00470,Bakery,Cakes,West,Cumbum,Andhra Pradesh,9781,6898.18,39,2882.82,29.47,0.228333333,7/29/2022,,,,,,,,
ORD00471,Food Grains,Rice,West,Prakasham,Andhra Pradesh,9779,7521.09,39,2257.91,23.09,0.263333333,9/23/2022,,,,,,,,
ORD00472,Beverages,Health Drinks,West,Dhone,Andhra Pradesh,9775,7077.51,39,2697.49,27.6,0.265555556,7/25/2024,,,,,,,,
ORD00473,Oil & Masala,Masalas,Central,Visakhapatnam,Andhra Pradesh,9771,8111.24,39,1659.76,16.99,0.198333333,12/17/2024,,,,,,,,
ORD00474,Food Grains,Organic Staples,Central,Ramanadhapuram,Andhra Pradesh,9765,6127.61,39,3637.39,37.25,0.193333333,12/15/2024,,,,,,,,
ORD00475,Beverages,Soft Drinks,Central,Eluru,Andhra Pradesh,9765,7321.83,39,2443.17,25.02,0.237142857,5/30/2023,,,,,,,,
ORD00476,"Eggs, Meat & Fish",Eggs,South,Kurnool,Andhra Pradesh,9763,7517.62,39,2245.38,23,0.266,7/8/2022,,,,,,,,
ORD00477,"Eggs, Meat & Fish",Fish,West,Vizag,Andhra Pradesh,9762,6798.7,39,2963.3,30.36,0.207142857,10/7/2024,,,,,,,,
ORD00478,Snacks,Chocolates,East,Ramanadhapuram,Andhra Pradesh,9753,6879.89,39,2873.11,29.46,0.194285714,7/6/2024,,,,,,,,
ORD00479,Food Grains,Atta & Flour,East,Eluru,Andhra Pradesh,9752,7422.24,39,2329.76,23.89,0.232,9/26/2022,,,,,,,,
ORD00480,Beverages,Health Drinks,Central,Vellore,Andhra Pradesh,9746,6779.7,39,2966.3,30.44,0.26375,1/20/2022,,,,,,,,
ORD00481,Snacks,Chocolates,Central,Krishnagiri,Andhra Pradesh,9743,7691.59,39,2051.41,21.06,0.164,8/27/2024,,,,,,,,
ORD00482,Beverages,Soft Drinks,South,Nandyal,Andhra Pradesh,9727,6721.97,39,3005.03,30.89,0.194,1/11/2024,,,,,,,,
ORD00483,Bakery,Biscuits,Central,Eluru,Andhra Pradesh,9718,7574.29,39,2143.71,22.06,0.24,8/16/2023,,,,,,,,
ORD00484,Fruits & Veggies,Organic Vegetables,West,Cumbum,Andhra Pradesh,9697,7794.19,39,1902.81,19.62,0.203333333,7/26/2024,,,,,,,,
ORD00485,Oil & Masala,Edible Oil & Ghee,East,Krishnagiri,Andhra Pradesh,9695,7618.99,39,2076.01,21.41,0.197142857,11/7/2023,,,,,,,,
ORD00486,"Eggs, Meat & Fish",Fish,West,Ramanadhapuram,Andhra Pradesh,9671,6805.76,39,2865.24,29.63,0.205,4/21/2024,,,,,,,,
ORD00487,Food Grains,Organic Staples,West,Markapur,Andhra Pradesh,9662,7221.19,39,2440.81,25.26,0.188333333,8/12/2023,,,,,,,,
ORD00488,Beverages,Health Drinks,West,Nelluru,Andhra Pradesh,9660,7143.27,39,2516.73,26.05,0.232857143,12/7/2024,,,,,,,,
ORD00489,Food Grains,Dals & Pulses,West,Nandyal,Andhra Pradesh,9646,7487.07,39,2158.93,22.38,0.248333333,12/14/2023,,,,,,,,
ORD00490,Bakery,Breads & Buns,Central,Eluru,Andhra Pradesh,9627,7911.4,39,1715.6,17.82,0.226,1/31/2023,,,,,,,,
ORD00491,Oil & Masala,Masalas,Central,Kurnool,Andhra Pradesh,9620,6926.26,38,2693.74,28,0.233333333,11/25/2023,,,,,,,,
ORD00492,Oil & Masala,Spices,East,Kodmur,Andhra Pradesh,9618,7762.06,38,1855.94,19.3,0.262857143,4/9/2023,,,,,,,,
ORD00493,"Eggs, Meat & Fish",Mutton,Central,Vellore,Andhra Pradesh,9613,6716.01,38,2896.99,30.14,0.266666667,3/16/2023,,,,,,,,
ORD00494,"Eggs, Meat & Fish",Fish,Central,Kurnool,Andhra Pradesh,9612,7380.93,38,2231.07,23.21,0.223333333,10/28/2023,,,,,,,,
ORD00495,"Eggs, Meat & Fish",Mutton,West,Dharmavaram,Andhra Pradesh,9600,6865.66,38,2734.34,28.48,0.18,1/2/2023,,,,,,,,
ORD00496,"Eggs, Meat & Fish",Chicken,West,Kodmur,Andhra Pradesh,9593,7741.43,38,1851.57,19.3,0.21,4/23/2024,,,,,,,,
ORD00497,Beverages,Soft Drinks,West,Ramanadhapuram,Andhra Pradesh,9592,8129.64,38,1462.36,15.25,0.266666667,10/31/2024,,,,,,,,
ORD00498,"Eggs, Meat & Fish",Fish,West,Cumbum,Andhra Pradesh,9589,7006.45,38,2582.55,26.93,0.215714286,3/12/2022,,,,,,,,
ORD00499,Fruits & Veggies,Fresh Vegetables,East,Anathapuram,Andhra Pradesh,9572,6734.99,38,2837.01,29.64,0.213333333,3/10/2022,,,,,,,,
ORD00500,Fruits & Veggies,Organic Fruits,West,Kadiri,Andhra Pradesh,9570,7032.48,38,2537.52,26.52,0.211428571,6/1/2024,,,,,,,,
ORD00501,Oil & Masala,Spices,West,Nelluru,Andhra Pradesh,9569,7037.87,38,2531.13,26.45,0.16,11/10/2024,,,,,,,,
ORD00502,Food Grains,Rice,Central,Krishnagiri,Andhra Pradesh,9556,6632.55,38,2923.45,30.59,0.235714286,11/17/2023,,,,,,,,
ORD00503,Food Grains,Dals & Pulses,East,Nandyal,Andhra Pradesh,9537,7956.3,38,1580.7,16.57,0.248571429,6/6/2023,,,,,,,,
ORD00504,Fruits & Veggies,Fresh Fruits,Central,Adoni,Andhra Pradesh,9533,6614.43,38,2918.57,30.62,0.215,2/1/2023,,,,,,,,
ORD00505,"Eggs, Meat & Fish",Eggs,West,Kodmur,Andhra Pradesh,9517,6476.09,38,3040.91,31.95,0.238333333,4/6/2024,,,,,,,,
ORD00506,Food Grains,Rice,West,Nelluru,Andhra Pradesh,9511,7403.45,38,2107.55,22.16,0.24,3/18/2024,,,,,,,,
ORD00507,Beverages,Soft Drinks,East,Kurnool,Andhra Pradesh,9507,7537.29,38,1969.71,20.72,0.184,8/24/2024,,,,,,,,
ORD00508,Bakery,Breads & Buns,East,Nelluru,Andhra Pradesh,9489,6739.99,38,2749.01,28.97,0.226666667,4/18/2023,,,,,,,,
ORD00509,Oil & Masala,Spices,Central,Eluru,Andhra Pradesh,9483,7319.17,38,2163.83,22.82,0.242,7/25/2022,,,,,,,,
ORD00510,Beverages,Soft Drinks,Central,Dhone,Andhra Pradesh,9456,6653.91,38,2802.09,29.63,0.281666667,1/13/2024,,,,,,,,
ORD00511,Oil & Masala,Edible Oil & Ghee,West,Vellore,Andhra Pradesh,9449,7917.29,38,1531.71,16.21,0.271666667,12/23/2022,,,,,,,,
ORD00512,Bakery,Cakes,East,Kurnool,Andhra Pradesh,9437,6698.12,38,2738.88,29.02,0.213333333,3/13/2022,,,,,,,,
ORD00513,Snacks,Chocolates,West,Kodmur,Andhra Pradesh,9431,6542.93,38,2888.07,30.62,0.211428571,2/12/2023,,,,,,,,
ORD00514,Bakery,Biscuits,Central,Kadiri,Andhra Pradesh,9428,6974.56,38,2453.44,26.02,0.212857143,7/11/2024,,,,,,,,
ORD00515,Beverages,Health Drinks,Central,Adoni,Andhra Pradesh,9425,7852.43,38,1572.57,16.69,0.21,5/2/2023,,,,,,,,
ORD00516,Fruits & Veggies,Fresh Vegetables,East,Visakhapatnam,Andhra Pradesh,9415,7283.99,38,2131.01,22.63,0.236666667,8/22/2024,,,,,,,,
ORD00517,Beverages,Health Drinks,West,Thanda,Andhra Pradesh,9415,7519.9,38,1895.1,20.13,0.26,10/3/2022,,,,,,,,
ORD00518,Oil & Masala,Spices,East,Nelluru,Andhra Pradesh,9389,6630.97,38,2758.03,29.38,0.213333333,1/29/2023,,,,,,,,
ORD00519,Bakery,Breads & Buns,East,Ongole,Andhra Pradesh,9388,6929.87,38,2458.13,26.18,0.191666667,6/8/2024,,,,,,,,
ORD00520,"Eggs, Meat & Fish",Mutton,West,Thanda,Andhra Pradesh,9376,7420.6,38,1955.4,20.86,0.243333333,9/17/2024,,,,,,,,
ORD00521,Snacks,Noodles,West,Cumbum,Andhra Pradesh,9372,7492.69,37,1879.31,20.05,0.231666667,8/21/2024,,,,,,,,
ORD00522,Fruits & Veggies,Organic Fruits,South,Ballari,Andhra Pradesh,9359,6181.44,37,3177.56,33.95,0.208,3/6/2022,,,,,,,,
ORD00523,Bakery,Cakes,Central,Markapur,Andhra Pradesh,9359,6808.62,37,2550.38,27.25,0.242857143,12/14/2022,,,,,,,,
ORD00524,"Eggs, Meat & Fish",Fish,East,Dharmavaram,Andhra Pradesh,9351,6871.64,37,2479.36,26.51,0.284,10/2/2022,,,,,,,,
ORD00525,"Eggs, Meat & Fish",Chicken,South,Guntur,Andhra Pradesh,9350,6815.88,37,2534.12,27.1,0.267142857,2/10/2022,,,,,,,,
ORD00526,Bakery,Breads & Buns,East,Ramanadhapuram,Andhra Pradesh,9347,6840.84,37,2506.16,26.81,0.218,9/13/2022,,,,,,,,
ORD00527,Snacks,Chocolates,South,Viluppuram,Andhra Pradesh,9346,6504.73,37,2841.27,30.4,0.16,11/15/2023,,,,,,,,
ORD00528,Fruits & Veggies,Fresh Vegetables,West,Viluppuram,Andhra Pradesh,9345,6528.82,37,2816.18,30.14,0.226666667,8/2/2022,,,,,,,,
ORD00529,Fruits & Veggies,Organic Fruits,Central,Markapur,Andhra Pradesh,9341,7010.88,37,2330.12,24.95,0.268333333,5/19/2024,,,,,,,,
ORD00530,Oil & Masala,Edible Oil & Ghee,East,Vizag,Andhra Pradesh,9338,7960.95,37,1377.05,14.75,0.231666667,4/14/2024,,,,,,,,
ORD00531,"Eggs, Meat & Fish",Chicken,East,Guntur,Andhra Pradesh,9325,7315.69,37,2009.31,21.55,0.215,8/8/2024,,,,,,,,
ORD00532,"Eggs, Meat & Fish",Eggs,Central,Ramanadhapuram,Andhra Pradesh,9319,6926.02,37,2392.98,25.68,0.264,5/17/2023,,,,,,,,
ORD00533,Beverages,Health Drinks,South,Ongole,Andhra Pradesh,9314,7331.93,37,1982.07,21.28,0.221428571,7/18/2023,,,,,,,,
ORD00534,"Eggs, Meat & Fish",Mutton,Central,Kurnool,Andhra Pradesh,9301,6867.67,37,2433.33,26.16,0.27,9/15/2023,,,,,,,,
ORD00535,"Eggs, Meat & Fish",Mutton,West,Kodmur,Andhra Pradesh,9299,7880.77,37,1418.23,15.25,0.256,12/21/2022,,,,,,,,
ORD00536,Bakery,Breads & Buns,West,Anathapuram,Andhra Pradesh,9280,6588.38,37,2691.62,29,0.201428571,5/10/2024,,,,,,,,
ORD00537,Food Grains,Organic Staples,East,Vellore,Andhra Pradesh,9276,6343.54,37,2932.46,31.61,0.276,10/25/2022,,,,,,,,
ORD00538,"Eggs, Meat & Fish",Mutton,Central,Krishnagiri,Andhra Pradesh,9271,7559.73,37,1711.27,18.46,0.226666667,2/18/2023,,,,,,,,
ORD00539,Fruits & Veggies,Fresh Fruits,Central,Thanda,Andhra Pradesh,9263,7471.82,37,1791.18,19.34,0.264,12/4/2024,,,,,,,,
ORD00540,Bakery,Breads & Buns,South,Ongole,Andhra Pradesh,9260,6743.96,37,2516.04,27.17,0.23,9/22/2024,,,,,,,,
ORD00541,Oil & Masala,Spices,Central,Vellore,Andhra Pradesh,9252,7351.97,37,1900.03,20.54,0.195714286,12/23/2022,,,,,,,,
ORD00542,Snacks,Chocolates,West,Eluru,Andhra Pradesh,9251,7084.65,37,2166.35,23.42,0.27875,9/10/2022,,,,,,,,
ORD00543,Oil & Masala,Edible Oil & Ghee,Central,Eluru,Andhra Pradesh,9249,7211.69,37,2037.31,22.03,0.225,5/3/2022,,,,,,,,
ORD00544,"Eggs, Meat & Fish",Chicken,West,Dharmavaram,Andhra Pradesh,9245,6460.58,37,2784.42,30.12,0.233333333,4/30/2022,,,,,,,,
ORD00545,Oil & Masala,Edible Oil & Ghee,East,Ramanadhapuram,Andhra Pradesh,9216,6221.83,37,2994.17,32.49,0.211428571,9/2/2024,,,,,,,,
ORD00546,"Eggs, Meat & Fish",Eggs,West,Prakasham,Andhra Pradesh,9206,6618.33,37,2587.67,28.11,0.223333333,12/1/2024,,,,,,,,
ORD00547,Bakery,Breads & Buns,Central,Prakasham,Andhra Pradesh,9204,5833.52,37,3370.48,36.62,0.23375,1/22/2024,,,,,,,,
ORD00548,Fruits & Veggies,Fresh Fruits,East,Adoni,Andhra Pradesh,9197,6703.53,37,2493.47,27.11,0.22,12/5/2024,,,,,,,,
ORD00549,Food Grains,Dals & Pulses,East,Guntur,Andhra Pradesh,9195,7150.95,37,2044.05,22.23,0.258,11/9/2024,,,,,,,,
ORD00550,Oil & Masala,Edible Oil & Ghee,West,Viluppuram,Andhra Pradesh,9178,6089.78,37,3088.22,33.65,0.246666667,9/17/2022,,,,,,,,
ORD00551,Fruits & Veggies,Organic Vegetables,East,Cumbum,Andhra Pradesh,9177,7189.23,37,1987.77,21.66,0.22,10/1/2023,,,,,,,,
ORD00552,Beverages,Health Drinks,Central,Kanyakumari,Andhra Pradesh,9168,7609.1,37,1558.9,17,0.2,1/31/2024,,,,,,,,
ORD00553,Bakery,Biscuits,Central,Krishnagiri,Andhra Pradesh,9162,6449.84,37,2712.16,29.6,0.234,1/5/2023,,,,,,,,
ORD00554,Beverages,Soft Drinks,East,Kodmur,Andhra Pradesh,9155,6157.89,37,2997.11,32.74,0.23,10/30/2022,,,,,,,,
ORD00555,Food Grains,Dals & Pulses,South,Anathapuram,Andhra Pradesh,9150,7382.49,37,1767.51,19.32,0.256,8/18/2022,,,,,,,,
ORD00556,Beverages,Health Drinks,West,Markapur,Andhra Pradesh,9147,6555.5,37,2591.5,28.33,0.231428571,7/7/2024,,,,,,,,
ORD00557,Oil & Masala,Spices,Central,Kodmur,Andhra Pradesh,9143,7835.07,37,1307.93,14.31,0.254,6/10/2022,,,,,,,,
ORD00558,Snacks,Chocolates,East,Ongole,Andhra Pradesh,9137,6849.12,37,2287.88,25.04,0.234285714,11/26/2022,,,,,,,,
ORD00559,"Eggs, Meat & Fish",Fish,East,Markapur,Andhra Pradesh,9136,6677.43,37,2458.57,26.91,0.263333333,6/30/2023,,,,,,,,
ORD00560,"Eggs, Meat & Fish",Fish,Central,Ongole,Andhra Pradesh,9130,7244.53,37,1885.47,20.65,0.184285714,4/15/2023,,,,,,,,
ORD00561,Snacks,Chocolates,Central,Prakasham,Andhra Pradesh,9125,7863.38,36,1261.62,13.83,0.212,6/18/2024,,,,,,,,
ORD00562,Snacks,Noodles,Central,Kurnool,Andhra Pradesh,9124,6758.74,36,2365.26,25.92,0.271666667,9/11/2023,,,,,,,,
ORD00563,"Eggs, Meat & Fish",Chicken,East,Ballari,Andhra Pradesh,9112,7021.34,36,2090.66,22.94,0.24,5/10/2024,,,,,,,,
ORD00564,Snacks,Chocolates,West,Ongole,Andhra Pradesh,9110,6570.83,36,2539.17,27.87,0.26,12/1/2024,,,,,,,,
ORD00565,Bakery,Cakes,South,Eluru,Andhra Pradesh,9106,6117.27,36,2988.73,32.82,0.256,5/11/2022,,,,,,,,
ORD00566,Bakery,Breads & Buns,Central,Ongole,Andhra Pradesh,9103,6761.46,36,2341.54,25.72,0.24375,7/10/2024,,,,,,,,
ORD00567,Beverages,Soft Drinks,South,Visakhapatnam,Andhra Pradesh,9102,6961.59,36,2140.41,23.52,0.254285714,11/1/2023,,,,,,,,
ORD00568,"Eggs, Meat & Fish",Mutton,East,Kanyakumari,Andhra Pradesh,9102,7307.78,36,1794.22,19.71,0.24,8/23/2022,,,,,,,,
ORD00569,Bakery,Breads & Buns,East,Markapur,Andhra Pradesh,9101,6798.2,36,2302.8,25.3,0.246,12/17/2022,,,,,,,,
ORD00570,Beverages,Soft Drinks,Central,Kadiri,Andhra Pradesh,9093,7683.01,36,1409.99,15.51,0.27,2/2/2022,,,,,,,,
ORD00571,Bakery,Biscuits,South,Krishnagiri,Andhra Pradesh,9088,6324.5,36,2763.5,30.41,0.196666667,2/1/2023,,,,,,,,
ORD00572,Food Grains,Organic Staples,East,Krishnagiri,Andhra Pradesh,9086,6444.66,36,2641.34,29.07,0.2,11/13/2022,,,,,,,,
ORD00573,Snacks,Chocolates,South,Vellore,Andhra Pradesh,9074,7436.9,36,1637.1,18.04,0.22,6/29/2023,,,,,,,,
ORD00574,Snacks,Cookies,West,Viluppuram,Andhra Pradesh,9062,7370.4,36,1691.6,18.67,0.16,8/6/2023,,,,,,,,
ORD00575,Beverages,Soft Drinks,East,Anathapuram,Andhra Pradesh,9058,6784.7,36,2273.3,25.1,0.232857143,6/12/2024,,,,,,,,
ORD00576,Bakery,Cakes,East,Anathapuram,Andhra Pradesh,9054,6108.66,36,2945.34,32.53,0.221428571,7/15/2023,,,,,,,,
ORD00577,Bakery,Breads & Buns,South,Cumbum,Andhra Pradesh,9045,6424.36,36,2620.64,28.97,0.286,9/5/2022,,,,,,,,
ORD00578,"Eggs, Meat & Fish",Mutton,East,Guntur,Andhra Pradesh,9043,7434.78,36,1608.22,17.78,0.25,9/30/2022,,,,,,,,
ORD00579,Food Grains,Dals & Pulses,Central,Kodmur,Andhra Pradesh,9042,7413.88,36,1628.12,18.01,0.235,1/15/2024,,,,,,,,
ORD00580,Food Grains,Atta & Flour,South,Markapur,Andhra Pradesh,9029,6495.78,36,2533.22,28.06,0.266,1/4/2023,,,,,,,,
ORD00581,Oil & Masala,Edible Oil & Ghee,West,Kadiri,Andhra Pradesh,9026,7016.9,36,2009.1,22.26,0.274,5/28/2023,,,,,,,,
ORD00582,Oil & Masala,Spices,West,Dharmavaram,Andhra Pradesh,9023,7070.53,36,1952.47,21.64,0.271666667,10/14/2024,,,,,,,,
ORD00583,Snacks,Chocolates,East,Dhone,Andhra Pradesh,9011,6768.66,36,2242.34,24.88,0.275,1/13/2024,,,,,,,,
ORD00584,Fruits & Veggies,Organic Vegetables,East,Eluru,Andhra Pradesh,9010,7080.41,36,1929.59,21.42,0.246666667,4/30/2024,,,,,,,,
ORD00585,"Eggs, Meat & Fish",Mutton,South,Vellore,Andhra Pradesh,9008,6424.96,36,2583.04,28.67,0.268,11/3/2024,,,,,,,,
ORD00586,Food Grains,Dals & Pulses,West,Prakasham,Andhra Pradesh,8998,6903.28,36,2094.72,23.28,0.265,4/3/2022,,,,,,,,
ORD00587,Bakery,Breads & Buns,West,Kanyakumari,Andhra Pradesh,8993,6876.17,36,2116.83,23.54,0.25,10/7/2023,,,,,,,,
ORD00588,Bakery,Biscuits,East,Thanda,Andhra Pradesh,8985,6514.98,36,2470.02,27.49,0.248333333,3/19/2024,,,,,,,,
ORD00589,Oil & Masala,Spices,West,Markapur,Andhra Pradesh,8975,7426.08,36,1548.92,17.26,0.208571429,4/7/2024,,,,,,,,
ORD00590,Oil & Masala,Edible Oil & Ghee,South,Nandyal,Andhra Pradesh,8969,5966.67,36,3002.33,33.47,0.248,2/7/2023,,,,,,,,
ORD00591,Snacks,Chocolates,East,Vellore,Andhra Pradesh,8966,5992.33,36,2973.67,33.17,0.26,4/23/2024,,,,,,,,
ORD00592,"Eggs, Meat & Fish",Eggs,East,Anathapuram,Andhra Pradesh,8956,6635.13,36,2320.87,25.91,0.258333333,4/2/2023,,,,,,,,
ORD00593,Bakery,Biscuits,West,Eluru,Andhra Pradesh,8955,7113.66,36,1841.34,20.56,0.213333333,11/1/2022,,,,,,,,
ORD00594,Food Grains,Rice,West,Viluppuram,Andhra Pradesh,8945,6738.84,36,2206.16,24.66,0.236666667,9/14/2022,,,,,,,,
ORD00595,Bakery,Breads & Buns,Central,Kanyakumari,Andhra Pradesh,8942,6805.61,36,2136.39,23.89,0.236666667,9/14/2023,,,,,,,,
ORD00596,"Eggs, Meat & Fish",Mutton,East,Eluru,Andhra Pradesh,8924,6198.51,36,2725.49,30.54,0.196,1/12/2022,,,,,,,,
ORD00597,Fruits & Veggies,Fresh Vegetables,Central,Eluru,Andhra Pradesh,8924,7695.16,36,1228.84,13.77,0.24,4/25/2022,,,,,,,,
ORD00598,Food Grains,Organic Staples,East,Adoni,Andhra Pradesh,8919,7395.63,36,1523.37,17.08,0.183333333,3/9/2024,,,,,,,,
ORD00599,Bakery,Cakes,West,Viluppuram,Andhra Pradesh,8905,6472.23,36,2432.77,27.32,0.226666667,10/9/2022,,,,,,,,
ORD00600,Beverages,Health Drinks,West,Kanyakumari,Andhra Pradesh,8894,6986.85,36,1907.15,21.44,0.245,12/18/2023,,,,,,,,
ORD00601,Food Grains,Dals & Pulses,East,Ramanadhapuram,Andhra Pradesh,8892,6269.73,36,2622.27,29.49,0.18,5/7/2023,,,,,,,,
ORD00602,Beverages,Health Drinks,Central,Guntur,Andhra Pradesh,8891,6943.02,36,1947.98,21.91,0.291666667,3/23/2023,,,,,,,,
ORD00603,Food Grains,Atta & Flour,West,Dhone,Andhra Pradesh,8881,6437.85,36,2443.15,27.51,0.26,1/25/2022,,,,,,,,
ORD00604,Fruits & Veggies,Fresh Fruits,Central,Anathapuram,Andhra Pradesh,8868,6522.35,35,2345.65,26.45,0.23,3/15/2024,,,,,,,,
ORD00605,Food Grains,Dals & Pulses,West,Eluru,Andhra Pradesh,8862,6647.13,35,2214.87,24.99,0.238,11/24/2024,,,,,,,,
ORD00606,Fruits & Veggies,Organic Fruits,East,Ramanadhapuram,Andhra Pradesh,8861,5549.14,35,3311.86,37.38,0.221666667,2/23/2022,,,,,,,,
ORD00607,Fruits & Veggies,Organic Vegetables,Central,Anathapuram,Andhra Pradesh,8859,6618.38,35,2240.62,25.29,0.235,12/12/2023,,,,,,,,
ORD00608,"Eggs, Meat & Fish",Mutton,South,Markapur,Andhra Pradesh,8850,7072.33,35,1777.67,20.09,0.226,7/2/2023,,,,,,,,
ORD00609,Food Grains,Organic Staples,West,Viluppuram,Andhra Pradesh,8835,6498.69,35,2336.31,26.44,0.276666667,12/3/2024,,,,,,,,
ORD00610,"Eggs, Meat & Fish",Chicken,Central,Kadiri,Andhra Pradesh,8829,6687.69,35,2141.31,24.25,0.252,3/16/2022,,,,,,,,
ORD00611,Food Grains,Rice,East,Thanda,Andhra Pradesh,8828,6416.01,35,2411.99,27.32,0.25,2/24/2024,,,,,,,,
ORD00612,Oil & Masala,Spices,East,Markapur,Andhra Pradesh,8827,6573.55,35,2253.45,25.53,0.266,5/21/2022,,,,,,,,
ORD00613,Beverages,Health Drinks,West,Kadiri,Andhra Pradesh,8797,5987.56,35,2809.44,31.94,0.205,3/26/2022,,,,,,,,
ORD00614,"Eggs, Meat & Fish",Chicken,West,Vizag,Andhra Pradesh,8795,7067.23,35,1727.77,19.64,0.24375,12/20/2023,,,,,,,,
ORD00615,Snacks,Noodles,East,Ballari,Andhra Pradesh,8793,5979.02,35,2813.98,32,0.216,3/17/2023,,,,,,,,
ORD00616,Bakery,Biscuits,Central,Adoni,Andhra Pradesh,8780,6816.34,35,1963.66,22.37,0.155,12/18/2022,,,,,,,,
ORD00617,Snacks,Chocolates,Central,Nelluru,Andhra Pradesh,8771,6856.8,35,1914.2,21.82,0.228333333,6/2/2023,,,,,,,,
ORD00618,"Eggs, Meat & Fish",Mutton,Central,Kanyakumari,Andhra Pradesh,8765,6022.94,35,2742.06,31.28,0.258,12/4/2023,,,,,,,,
ORD00619,Bakery,Biscuits,East,Nelluru,Andhra Pradesh,8757,6763.1,35,1993.9,22.77,0.208333333,3/8/2023,,,,,,,,
ORD00620,Oil & Masala,Masalas,West,Eluru,Andhra Pradesh,8751,6654.28,35,2096.72,23.96,0.186,2/5/2024,,,,,,,,
ORD00621,Food Grains,Organic Staples,East,Kodmur,Andhra Pradesh,8750,6846.92,35,1903.08,21.75,0.262,4/29/2022,,,,,,,,
ORD00622,Beverages,Soft Drinks,South,Nelluru,Andhra Pradesh,8728,7171.18,35,1556.82,17.84,0.22,11/1/2024,,,,,,,,
ORD00623,"Eggs, Meat & Fish",Fish,East,Ramanadhapuram,Andhra Pradesh,8727,7076.57,35,1650.43,18.91,0.21,8/25/2023,,,,,,,,
ORD00624,Food Grains,Rice,East,Ballari,Andhra Pradesh,8721,6159.46,35,2561.54,29.37,0.233333333,5/10/2024,,,,,,,,
ORD00625,Snacks,Noodles,South,Kurnool,Andhra Pradesh,8713,6497.95,35,2215.05,25.42,0.228333333,11/6/2024,,,,,,,,
ORD00626,Oil & Masala,Masalas,East,Guntur,Andhra Pradesh,8713,5935.05,35,2777.95,31.88,0.208,12/16/2023,,,,,,,,
ORD00627,Food Grains,Atta & Flour,Central,Adoni,Andhra Pradesh,8707,6387.39,35,2319.61,26.64,0.245,2/6/2023,,,,,,,,
ORD00628,Snacks,Noodles,South,Cumbum,Andhra Pradesh,8706,5945.79,35,2760.21,31.7,0.214285714,5/14/2023,,,,,,,,
ORD00629,Beverages,Soft Drinks,West,Vellore,Andhra Pradesh,8696,6982.91,35,1713.09,19.7,0.217142857,2/25/2023,,,,,,,,
ORD00630,Oil & Masala,Spices,Central,Ramanadhapuram,Andhra Pradesh,8684,6397.41,35,2286.59,26.33,0.22,8/2/2023,,,,,,,,
ORD00631,Bakery,Breads & Buns,East,Visakhapatnam,Andhra Pradesh,8681,6591.27,35,2089.73,24.07,0.228333333,9/22/2022,,,,,,,,
ORD00632,"Eggs, Meat & Fish",Mutton,East,Viluppuram,Andhra Pradesh,8680,7472.81,35,1207.19,13.91,0.246,10/18/2024,,,,,,,,
ORD00633,Food Grains,Rice,East,Ramanadhapuram,Andhra Pradesh,8664,6219.32,35,2444.68,28.22,0.198333333,8/19/2022,,,,,,,,
ORD00634,Beverages,Soft Drinks,East,Adoni,Andhra Pradesh,8663,6021.13,35,2641.87,30.5,0.16,3/11/2022,,,,,,,,
ORD00635,Fruits & Veggies,Fresh Vegetables,West,Adoni,Andhra Pradesh,8656,7191.54,35,1464.46,16.92,0.216666667,1/3/2023,,,,,,,,
ORD00636,Snacks,Noodles,West,Kanyakumari,Andhra Pradesh,8648,6636.04,35,2011.96,23.27,0.166666667,11/20/2023,,,,,,,,
ORD00637,Bakery,Breads & Buns,Central,Dhone,Andhra Pradesh,8647,5367.3,35,3279.7,37.93,0.22,11/25/2024,,,,,,,,
ORD00638,Food Grains,Rice,West,Kanyakumari,Andhra Pradesh,8642,6441.73,35,2200.27,25.46,0.2,5/14/2024,,,,,,,,
ORD00639,Oil & Masala,Masalas,West,Adoni,Andhra Pradesh,8638,6558.14,35,2079.86,24.08,0.25,5/11/2023,,,,,,,,
ORD00640,Oil & Masala,Edible Oil & Ghee,Central,Krishnagiri,Andhra Pradesh,8637,6580.54,35,2056.46,23.81,0.227142857,2/20/2022,,,,,,,,
ORD00641,Oil & Masala,Edible Oil & Ghee,East,Cumbum,Andhra Pradesh,8635,6180.07,35,2454.93,28.43,0.22,11/12/2023,,,,,,,,
ORD00642,"Eggs, Meat & Fish",Chicken,East,Kanyakumari,Andhra Pradesh,8628,5959.68,35,2668.32,30.93,0.198,10/24/2022,,,,,,,,
ORD00643,Bakery,Breads & Buns,Central,Kodmur,Andhra Pradesh,8627,6618.72,35,2008.28,23.28,0.246666667,6/29/2022,,,,,,,,
ORD00644,"Eggs, Meat & Fish",Fish,East,Cumbum,Andhra Pradesh,8622,6184.63,34,2437.37,28.27,0.256,1/22/2022,,,,,,,,
ORD00645,"Eggs, Meat & Fish",Eggs,West,Dhone,Andhra Pradesh,8620,6844.05,34,1775.95,20.6,0.194285714,3/15/2024,,,,,,,,
ORD00646,Food Grains,Organic Staples,West,Kurnool,Andhra Pradesh,8606,5876.6,34,2729.4,31.72,0.226,12/4/2024,,,,,,,,
ORD00647,Food Grains,Organic Staples,Central,Kurnool,Andhra Pradesh,8593,6845.16,34,1747.84,20.34,0.228333333,7/17/2022,,,,,,,,
ORD00648,Oil & Masala,Spices,West,Ballari,Andhra Pradesh,8589,7053.4,34,1535.6,17.88,0.225714286,5/29/2022,,,,,,,,
ORD00649,Oil & Masala,Spices,East,Ongole,Andhra Pradesh,8579,6699.49,34,1879.51,21.91,0.205,12/21/2022,,,,,,,,
ORD00650,Food Grains,Rice,East,Dhone,Andhra Pradesh,8578,6546.63,34,2031.37,23.68,0.252,2/19/2023,,,,,,,,
ORD00651,"Eggs, Meat & Fish",Eggs,East,Ballari,Andhra Pradesh,8568,5993.96,34,2574.04,30.04,0.24,10/15/2023,,,,,,,,
ORD00652,Fruits & Veggies,Fresh Fruits,Central,Kodmur,Andhra Pradesh,8568,6685.06,34,1882.94,21.98,0.215,4/11/2023,,,,,,,,
ORD00653,Bakery,Cakes,West,Markapur,Andhra Pradesh,8558,7040.33,34,1517.67,17.73,0.24,11/4/2022,,,,,,,,
ORD00654,"Eggs, Meat & Fish",Chicken,Central,Ongole,Andhra Pradesh,8557,6340.53,34,2216.47,25.9,0.258,7/20/2024,,,,,,,,
ORD00655,Food Grains,Dals & Pulses,Central,Nelluru,Andhra Pradesh,8539,6422.79,34,2116.21,24.78,0.255,4/5/2023,,,,,,,,
ORD00656,Food Grains,Organic Staples,Central,Krishnagiri,Andhra Pradesh,8530,6775.37,34,1754.63,20.57,0.203333333,3/2/2023,,,,,,,,
ORD00657,Fruits & Veggies,Fresh Vegetables,Central,Thanda,Andhra Pradesh,8522,5857.62,34,2664.38,31.26,0.248,11/8/2024,,,,,,,,
ORD00658,Snacks,Cookies,East,Prakasham,Andhra Pradesh,8522,6270.84,34,2251.16,26.42,0.215,1/16/2022,,,,,,,,
ORD00659,"Eggs, Meat & Fish",Mutton,West,Nandyal,Andhra Pradesh,8521,5607.07,34,2913.93,34.2,0.26,6/3/2022,,,,,,,,
ORD00660,"Eggs, Meat & Fish",Mutton,West,Kanyakumari,Andhra Pradesh,8521,6832.82,34,1688.18,19.81,0.22,11/25/2024,,,,,,,,
ORD00661,Fruits & Veggies,Organic Vegetables,East,Dharmavaram,Andhra Pradesh,8507,5979.6,34,2527.4,29.71,0.235,4/28/2022,,,,,,,,
ORD00662,Oil & Masala,Spices,East,Guntur,Andhra Pradesh,8501,6857.85,34,1643.15,19.33,0.188,8/2/2023,,,,,,,,
ORD00663,Bakery,Cakes,East,Dharmavaram,Andhra Pradesh,8491,6545.94,34,1945.06,22.91,0.18,3/4/2022,,,,,,,,
ORD00664,Snacks,Cookies,East,Ballari,Andhra Pradesh,8484,6123.51,34,2360.49,27.82,0.228333333,12/15/2024,,,,,,,,
ORD00665,Bakery,Cakes,West,Ongole,Andhra Pradesh,8472,5668.17,34,2803.83,33.1,0.228,7/6/2023,,,,,,,,
ORD00666,Food Grains,Atta & Flour,West,Nelluru,Andhra Pradesh,8465,7162.21,34,1302.79,15.39,0.242,1/4/2023,,,,,,,,
ORD00667,Snacks,Cookies,South,Cumbum,Andhra Pradesh,8465,6659.98,34,1805.02,21.32,0.206,5/18/2023,,,,,,,,
ORD00668,Oil & Masala,Edible Oil & Ghee,West,Vizag,Andhra Pradesh,8465,6861.23,34,1603.77,18.95,0.18875,6/29/2024,,,,,,,,
ORD00669,Food Grains,Organic Staples,Central,Cumbum,Andhra Pradesh,8462,6397.31,34,2064.69,24.4,0.188,9/2/2023,,,,,,,,
ORD00670,Snacks,Cookies,East,Viluppuram,Andhra Pradesh,8461,6785.16,34,1675.84,19.81,0.224285714,5/28/2023,,,,,,,,
ORD00671,Fruits & Veggies,Organic Fruits,West,Cumbum,Andhra Pradesh,8458,5722,34,2736,32.35,0.198,6/11/2022,,,,,,,,
ORD00672,Snacks,Cookies,Central,Kadiri,Andhra Pradesh,8451,6435.75,34,2015.25,23.85,0.3,10/29/2022,,,,,,,,
ORD00673,Beverages,Health Drinks,East,Nelluru,Andhra Pradesh,8447,6018.6,34,2428.4,28.75,0.245,12/26/2023,,,,,,,,
ORD00674,"Eggs, Meat & Fish",Mutton,West,Guntur,Andhra Pradesh,8446,5968.53,34,2477.47,29.33,0.19,8/26/2024,,,,,,,,
ORD00675,Beverages,Health Drinks,East,Nandyal,Andhra Pradesh,8442,6729.1,34,1712.9,20.29,0.241111111,7/27/2023,,,,,,,,
ORD00676,Oil & Masala,Spices,East,Vellore,Andhra Pradesh,8429,6360.99,34,2068.01,24.53,0.254,9/16/2022,,,,,,,,
ORD00677,Oil & Masala,Edible Oil & Ghee,East,Markapur,Andhra Pradesh,8421,6619.99,34,1801.01,21.39,0.232,7/11/2023,,,,,,,,
ORD00678,Food Grains,Atta & Flour,South,Vellore,Andhra Pradesh,8414,5699.48,34,2714.52,32.26,0.228,9/21/2023,,,,,,,,
ORD00679,Fruits & Veggies,Fresh Vegetables,Central,Kurnool,Andhra Pradesh,8412,6277.07,34,2134.93,25.38,0.2,4/30/2022,,,,,,,,
ORD00680,Snacks,Chocolates,East,Ballari,Andhra Pradesh,8411,6621.84,34,1789.16,21.27,0.193333333,2/20/2024,,,,,,,,
ORD00681,Snacks,Noodles,Central,Ballari,Andhra Pradesh,8408,6738.88,34,1669.12,19.85,0.22,1/29/2023,,,,,,,,
ORD00682,Beverages,Health Drinks,Central,Ongole,Andhra Pradesh,8401,5769.81,34,2631.19,31.32,0.1625,8/7/2024,,,,,,,,
ORD00683,Snacks,Noodles,Central,Kadiri,Andhra Pradesh,8395,6343.98,34,2051.02,24.43,0.206,9/23/2024,,,,,,,,
ORD00684,Food Grains,Organic Staples,Central,Kanyakumari,Andhra Pradesh,8393,7041.99,34,1351.01,16.1,0.23,3/30/2024,,,,,,,,
ORD00685,Beverages,Soft Drinks,South,Markapur,Andhra Pradesh,8392,5945.72,34,2446.28,29.15,0.198,10/31/2022,,,,,,,,
ORD00686,Beverages,Soft Drinks,East,Eluru,Andhra Pradesh,8387,6424.12,34,1962.88,23.4,0.19,1/30/2024,,,,,,,,
ORD00687,Bakery,Breads & Buns,South,Krishnagiri,Andhra Pradesh,8385,6186.45,34,2198.55,26.22,0.185,6/16/2024,,,,,,,,
ORD00688,Snacks,Noodles,South,Markapur,Andhra Pradesh,8376,6113.87,34,2262.13,27.01,0.24,10/29/2024,,,,,,,,
ORD00689,"Eggs, Meat & Fish",Eggs,West,Krishnagiri,Andhra Pradesh,8361,6194.69,33,2166.31,25.91,0.184,6/4/2023,,,,,,,,
ORD00690,Fruits & Veggies,Fresh Vegetables,Central,Kanyakumari,Andhra Pradesh,8359,6176.72,33,2182.28,26.11,0.215714286,5/27/2024,,,,,,,,
ORD00691,Bakery,Biscuits,Central,Dhone,Andhra Pradesh,8331,6686.58,33,1644.42,19.74,0.2075,9/23/2022,,,,,,,,
ORD00692,Bakery,Biscuits,Central,Kanyakumari,Andhra Pradesh,8330,7127.49,33,1202.51,14.44,0.1975,7/22/2022,,,,,,,,
ORD00693,Snacks,Chocolates,East,Kodmur,Andhra Pradesh,8329,5940.37,33,2388.63,28.68,0.254,4/9/2024,,,,,,,,
ORD00694,Bakery,Breads & Buns,West,Thanda,Andhra Pradesh,8321,6038.36,33,2282.64,27.43,0.178,2/10/2022,,,,,,,,
ORD00695,"Eggs, Meat & Fish",Chicken,East,Nelluru,Andhra Pradesh,8320,6727.62,33,1592.38,19.14,0.204285714,11/16/2023,,,,,,,,
ORD00696,Snacks,Noodles,West,Kadiri,Andhra Pradesh,8318,5782.85,33,2535.15,30.48,0.206,12/19/2022,,,,,,,,
ORD00697,Food Grains,Dals & Pulses,West,Ongole,Andhra Pradesh,8315,5075.71,33,3239.29,38.96,0.181666667,7/18/2022,,,,,,,,
ORD00698,Snacks,Noodles,East,Ramanadhapuram,Andhra Pradesh,8309,6251.2,33,2057.8,24.77,0.212,5/15/2023,,,,,,,,
ORD00699,Food Grains,Atta & Flour,East,Dhone,Andhra Pradesh,8304,6433.06,33,1870.94,22.53,0.2025,9/24/2024,,,,,,,,
ORD00700,Oil & Masala,Spices,South,Kanyakumari,Andhra Pradesh,8291,6701.17,33,1589.83,19.18,0.22,3/24/2023,,,,,,,,
ORD00701,Fruits & Veggies,Organic Vegetables,Central,Krishnagiri,Andhra Pradesh,8290,6591.11,33,1698.89,20.49,0.15,12/22/2022,,,,,,,,
ORD00702,"Eggs, Meat & Fish",Eggs,East,Cumbum,Andhra Pradesh,8287,6328.72,33,1958.28,23.63,0.19,5/1/2023,,,,,,,,
ORD00703,"Eggs, Meat & Fish",Fish,West,Dharmavaram,Andhra Pradesh,8278,5378.63,33,2899.37,35.03,0.207142857,4/2/2024,,,,,,,,
ORD00704,Fruits & Veggies,Organic Vegetables,Central,Prakasham,Andhra Pradesh,8268,5973.23,33,2294.77,27.75,0.244,3/7/2022,,,,,,,,
ORD00705,Bakery,Biscuits,South,Dharmavaram,Andhra Pradesh,8262,6841.73,33,1420.27,17.19,0.2,1/25/2024,,,,,,,,
ORD00706,Snacks,Noodles,East,Vizag,Andhra Pradesh,8251,6194.4,33,2056.6,24.93,0.228,3/10/2023,,,,,,,,
ORD00707,"Eggs, Meat & Fish",Chicken,South,Vellore,Andhra Pradesh,8233,5923.69,33,2309.31,28.05,0.235,12/3/2022,,,,,,,,
ORD00708,Food Grains,Rice,East,Krishnagiri,Andhra Pradesh,8225,5266.59,33,2958.41,35.97,0.223333333,4/1/2023,,,,,,,,
ORD00709,Fruits & Veggies,Organic Vegetables,West,Viluppuram,Andhra Pradesh,8219,6855.35,33,1363.65,16.59,0.232857143,4/24/2023,,,,,,,,
ORD00710,Beverages,Health Drinks,South,Cumbum,Andhra Pradesh,8216,6785.21,33,1430.79,17.41,0.18,9/26/2023,,,,,,,,
ORD00711,Fruits & Veggies,Organic Vegetables,West,Kanyakumari,Andhra Pradesh,8210,5581.45,33,2628.55,32.02,0.2425,3/24/2024,,,,,,,,
ORD00712,"Eggs, Meat & Fish",Eggs,East,Ramanadhapuram,Andhra Pradesh,8203,5598.37,33,2604.63,31.75,0.252,3/16/2023,,,,,,,,
ORD00713,Beverages,Health Drinks,Central,Eluru,Andhra Pradesh,8202,6402.62,33,1799.38,21.94,0.262857143,12/9/2024,,,,,,,,
ORD00714,Oil & Masala,Edible Oil & Ghee,West,Dharmavaram,Andhra Pradesh,8200,5829.95,33,2370.05,28.9,0.255,11/20/2022,,,,,,,,
ORD00715,"Eggs, Meat & Fish",Eggs,East,Prakasham,Andhra Pradesh,8191,6258.79,33,1932.21,23.59,0.252,3/8/2024,,,,,,,,
ORD00716,"Eggs, Meat & Fish",Fish,East,Ballari,Andhra Pradesh,8183,6215.97,33,1967.03,24.04,0.212,1/12/2024,,,,,,,,
ORD00717,Food Grains,Atta & Flour,West,Vizag,Andhra Pradesh,8180,7171.04,33,1008.96,12.33,0.206,11/1/2022,,,,,,,,
ORD00718,Beverages,Soft Drinks,West,Visakhapatnam,Andhra Pradesh,8180,6358.12,33,1821.88,22.27,0.223333333,1/1/2024,,,,,,,,
ORD00719,Beverages,Health Drinks,South,Visakhapatnam,Andhra Pradesh,8174,6492.98,33,1681.02,20.57,0.275,5/17/2024,,,,,,,,
ORD00720,Snacks,Chocolates,West,Kadiri,Andhra Pradesh,8172,5699.47,33,2472.53,30.26,0.198,4/8/2023,,,,,,,,
ORD00721,Snacks,Noodles,West,Ongole,Andhra Pradesh,8166,6274.02,33,1891.98,23.17,0.224,1/22/2024,,,,,,,,
ORD00722,Oil & Masala,Edible Oil & Ghee,West,Eluru,Andhra Pradesh,8160,5416.96,33,2743.04,33.62,0.258333333,4/26/2023,,,,,,,,
ORD00723,Snacks,Noodles,West,Vellore,Andhra Pradesh,8152,5408.61,33,2743.39,33.65,0.155,1/15/2024,,,,,,,,
ORD00724,Food Grains,Atta & Flour,East,Markapur,Andhra Pradesh,8143,6154.47,33,1988.53,24.42,0.225,3/30/2023,,,,,,,,
ORD00725,Food Grains,Organic Staples,East,Anathapuram,Andhra Pradesh,8136,6177.11,33,1958.89,24.08,0.258,9/23/2022,,,,,,,,
ORD00726,Snacks,Chocolates,West,Visakhapatnam,Andhra Pradesh,8135,5703.14,33,2431.86,29.89,0.12,9/20/2024,,,,,,,,
ORD00727,"Eggs, Meat & Fish",Fish,South,Kanyakumari,Andhra Pradesh,8104,5592.95,32,2511.05,30.99,0.29,1/5/2023,,,,,,,,
ORD00728,Oil & Masala,Masalas,South,Vellore,Andhra Pradesh,8102,6003.82,32,2098.18,25.9,0.17,12/21/2024,,,,,,,,
ORD00729,Snacks,Cookies,West,Kanyakumari,Andhra Pradesh,8079,6718.09,32,1360.91,16.85,0.21,11/30/2024,,,,,,,,
ORD00730,Beverages,Health Drinks,East,Kadiri,Andhra Pradesh,8068,6158.03,32,1909.97,23.67,0.196666667,9/10/2024,,,,,,,,
ORD00731,Beverages,Health Drinks,Central,Cumbum,Andhra Pradesh,8063,6292.19,32,1770.81,21.96,0.221666667,1/31/2024,,,,,,,,
ORD00732,Oil & Masala,Edible Oil & Ghee,Central,Viluppuram,Andhra Pradesh,8058,6317.34,32,1740.66,21.6,0.282,2/27/2024,,,,,,,,
ORD00733,Bakery,Cakes,Central,Viluppuram,Andhra Pradesh,8040,5259.66,32,2780.34,34.58,0.168333333,1/28/2022,,,,,,,,
ORD00734,Fruits & Veggies,Fresh Vegetables,West,Krishnagiri,Andhra Pradesh,8039,5969.28,32,2069.72,25.75,0.264285714,6/13/2022,,,,,,,,
ORD00735,Bakery,Cakes,West,Kurnool,Andhra Pradesh,8038,6270.53,32,1767.47,21.99,0.234,10/8/2022,,,,,,,,
ORD00736,"Eggs, Meat & Fish",Eggs,East,Kadiri,Andhra Pradesh,8033,6332.99,32,1700.01,21.16,0.166,11/28/2024,,,,,,,,
ORD00737,Fruits & Veggies,Organic Fruits,East,Eluru,Andhra Pradesh,8029,6287.83,32,1741.17,21.69,0.208333333,6/27/2024,,,,,,,,
ORD00738,Fruits & Veggies,Organic Vegetables,Central,Nandyal,Andhra Pradesh,8028,5761.88,32,2266.12,28.23,0.174,5/9/2023,,,,,,,,
ORD00739,Oil & Masala,Edible Oil & Ghee,West,Ongole,Andhra Pradesh,8016,6232.62,32,1783.38,22.25,0.258333333,7/15/2023,,,,,,,,
ORD00740,Beverages,Health Drinks,South,Guntur,Andhra Pradesh,8011,5643.7,32,2367.3,29.55,0.302,4/27/2023,,,,,,,,
ORD00741,Food Grains,Dals & Pulses,East,Kurnool,Andhra Pradesh,8011,6335.89,32,1675.11,20.91,0.245,5/10/2024,,,,,,,,
ORD00742,Snacks,Chocolates,East,Guntur,Andhra Pradesh,7999,5650.18,32,2348.82,29.36,0.283333333,2/8/2022,,,,,,,,
ORD00743,Snacks,Chocolates,Central,Dhone,Andhra Pradesh,7989,6174.32,32,1814.68,22.71,0.248,2/2/2023,,,,,,,,
ORD00744,Oil & Masala,Edible Oil & Ghee,East,Kadiri,Andhra Pradesh,7988,5677.46,32,2310.54,28.93,0.192,3/7/2024,,,,,,,,
ORD00745,Fruits & Veggies,Organic Vegetables,West,Vizag,Andhra Pradesh,7987,5093.73,32,2893.27,36.22,0.2375,8/18/2023,,,,,,,,
ORD00746,Snacks,Noodles,Central,Guntur,Andhra Pradesh,7985,4791.45,32,3193.55,39.99,0.196,4/30/2023,,,,,,,,
ORD00747,Food Grains,Rice,East,Kanyakumari,Andhra Pradesh,7975,6099.91,32,1875.09,23.51,0.263333333,7/29/2022,,,,,,,,
ORD00748,Snacks,Cookies,East,Eluru,Andhra Pradesh,7973,6281.11,32,1691.89,21.22,0.19,8/9/2023,,,,,,,,
ORD00749,"Eggs, Meat & Fish",Chicken,East,Adoni,Andhra Pradesh,7972,6840.96,32,1131.04,14.19,0.218333333,5/17/2023,,,,,,,,
ORD00750,Food Grains,Rice,East,Viluppuram,Andhra Pradesh,7966,7072.81,32,893.19,11.21,0.24,10/14/2022,,,,,,,,
ORD00751,Fruits & Veggies,Fresh Fruits,South,Kanyakumari,Andhra Pradesh,7959,6172.18,32,1786.82,22.45,0.182,5/19/2023,,,,,,,,
ORD00752,Snacks,Noodles,East,Krishnagiri,Andhra Pradesh,7958,5572.7,32,2385.3,29.97,0.22,4/15/2023,,,,,,,,
ORD00753,"Eggs, Meat & Fish",Fish,West,Eluru,Andhra Pradesh,7950,5395.31,32,2554.69,32.13,0.166666667,9/21/2024,,,,,,,,
ORD00754,Oil & Masala,Spices,West,Dhone,Andhra Pradesh,7947,5810.46,32,2136.54,26.88,0.215714286,9/9/2022,,,,,,,,
ORD00755,Oil & Masala,Spices,West,Ongole,Andhra Pradesh,7943,5689.34,32,2253.66,28.37,0.242,10/27/2023,,,,,,,,
ORD00756,Beverages,Soft Drinks,South,Krishnagiri,Andhra Pradesh,7939,6232.56,32,1706.44,21.49,0.304,5/11/2023,,,,,,,,
ORD00757,Snacks,Chocolates,Central,Kanyakumari,Andhra Pradesh,7936,5945.77,32,1990.23,25.08,0.21,10/19/2024,,,,,,,,
ORD00758,Fruits & Veggies,Fresh Vegetables,West,Ramanadhapuram,Andhra Pradesh,7912,5074.99,32,2837.01,35.86,0.208,2/2/2022,,,,,,,,
ORD00759,Food Grains,Dals & Pulses,West,Kanyakumari,Andhra Pradesh,7897,6300.31,32,1596.69,20.22,0.195,6/4/2024,,,,,,,,
ORD00760,"Eggs, Meat & Fish",Chicken,East,Ramanadhapuram,Andhra Pradesh,7896,5471.32,32,2424.68,30.71,0.236,9/28/2022,,,,,,,,
ORD00761,Oil & Masala,Masalas,South,Thanda,Andhra Pradesh,7887,5551,32,2336,29.62,0.24,11/26/2024,,,,,,,,
ORD00762,"Eggs, Meat & Fish",Eggs,East,Kodmur,Andhra Pradesh,7871,6184.32,31,1686.68,21.43,0.265,9/7/2023,,,,,,,,
ORD00763,Snacks,Noodles,Central,Adoni,Andhra Pradesh,7857,4759.94,31,3097.06,39.42,0.23,7/29/2024,,,,,,,,
ORD00764,Snacks,Cookies,South,Kadiri,Andhra Pradesh,7838,6569.25,31,1268.75,16.19,0.2,10/19/2022,,,,,,,,
ORD00765,Snacks,Noodles,Central,Prakasham,Andhra Pradesh,7837,6232.2,31,1604.8,20.48,0.186,2/11/2023,,,,,,,,
ORD00766,Snacks,Noodles,West,Anathapuram,Andhra Pradesh,7835,5769.63,31,2065.37,26.36,0.2025,6/9/2022,,,,,,,,
ORD00767,Snacks,Cookies,West,Dhone,Andhra Pradesh,7832,6058.6,31,1773.4,22.64,0.238,2/2/2023,,,,,,,,
ORD00768,Oil & Masala,Masalas,West,Ballari,Andhra Pradesh,7822,5576.73,31,2245.27,28.7,0.25,3/2/2023,,,,,,,,
ORD00769,Snacks,Noodles,West,Prakasham,Andhra Pradesh,7818,5380.63,31,2437.37,31.18,0.215,10/11/2023,,,,,,,,
ORD00770,"Eggs, Meat & Fish",Fish,Central,Vellore,Andhra Pradesh,7816,6233.45,31,1582.55,20.25,0.306,10/18/2023,,,,,,,,
ORD00771,Snacks,Chocolates,South,Eluru,Andhra Pradesh,7815,6101.73,31,1713.27,21.92,0.19,9/10/2024,,,,,,,,
ORD00772,Beverages,Health Drinks,Central,Krishnagiri,Andhra Pradesh,7813,6114.79,31,1698.21,21.74,0.24,3/25/2024,,,,,,,,
ORD00773,"Eggs, Meat & Fish",Fish,East,Vizag,Andhra Pradesh,7810,5331.81,31,2478.19,31.73,0.202,7/19/2022,,,,,,,,
ORD00774,Beverages,Health Drinks,West,Nandyal,Andhra Pradesh,7795,5966.85,31,1828.15,23.45,0.24,10/23/2023,,,,,,,,
ORD00775,Food Grains,Atta & Flour,Central,Ongole,Andhra Pradesh,7794,6359.73,31,1434.27,18.4,0.236,7/17/2024,,,,,,,,
ORD00776,Bakery,Biscuits,East,Visakhapatnam,Andhra Pradesh,7793,5265.22,31,2527.78,32.44,0.1775,5/24/2023,,,,,,,,
ORD00777,Fruits & Veggies,Organic Fruits,East,Prakasham,Andhra Pradesh,7793,6011.65,31,1781.35,22.86,0.232,4/22/2024,,,,,,,,
ORD00778,Bakery,Breads & Buns,Central,Nandyal,Andhra Pradesh,7788,5158.82,31,2629.18,33.76,0.241666667,6/19/2024,,,,,,,,
ORD00779,Snacks,Noodles,Central,Nelluru,Andhra Pradesh,7786,5123.94,31,2662.06,34.19,0.222,9/20/2024,,,,,,,,
ORD00780,Beverages,Health Drinks,Central,Prakasham,Andhra Pradesh,7774,6441.44,31,1332.56,17.14,0.274,5/12/2023,,,,,,,,
ORD00781,Fruits & Veggies,Organic Fruits,West,Vellore,Andhra Pradesh,7771,5648.38,31,2122.62,27.31,0.225,9/2/2024,,,,,,,,
ORD00782,"Eggs, Meat & Fish",Fish,Central,Nelluru,Andhra Pradesh,7753,5471.96,31,2281.04,29.42,0.208,4/29/2023,,,,,,,,
ORD00783,Bakery,Cakes,West,Kadiri,Andhra Pradesh,7752,6344.6,31,1407.4,18.16,0.168,7/21/2023,,,,,,,,
ORD00784,Beverages,Soft Drinks,Central,Thanda,Andhra Pradesh,7750,6348.17,31,1401.83,18.09,0.17,6/9/2023,,,,,,,,
ORD00785,Oil & Masala,Spices,Central,Kurnool,Andhra Pradesh,7744,6092.06,31,1651.94,21.33,0.215,9/18/2022,,,,,,,,
ORD00786,Bakery,Cakes,Central,Ongole,Andhra Pradesh,7744,5589.83,31,2154.17,27.82,0.2025,7/15/2024,,,,,,,,
ORD00787,Food Grains,Organic Staples,East,Dhone,Andhra Pradesh,7741,5523.69,31,2217.31,28.64,0.224,12/3/2022,,,,,,,,
ORD00788,Oil & Masala,Edible Oil & Ghee,East,Ballari,Andhra Pradesh,7739,6104.02,31,1634.98,21.13,0.271666667,8/17/2024,,,,,,,,
ORD00789,Fruits & Veggies,Fresh Fruits,West,Nelluru,Andhra Pradesh,7736,6132.36,31,1603.64,20.73,0.196,11/26/2023,,,,,,,,
ORD00790,Bakery,Breads & Buns,Central,Viluppuram,Andhra Pradesh,7716,5648.11,31,2067.89,26.8,0.238333333,7/26/2023,,,,,,,,
ORD00791,Snacks,Chocolates,Central,Markapur,Andhra Pradesh,7710,5252.06,31,2457.94,31.88,0.253333333,11/29/2024,,,,,,,,
ORD00792,Oil & Masala,Edible Oil & Ghee,South,Markapur,Andhra Pradesh,7707,5750.89,31,1956.11,25.38,0.23,10/4/2023,,,,,,,,
ORD00793,Oil & Masala,Edible Oil & Ghee,East,Kodmur,Andhra Pradesh,7705,6275.48,31,1429.52,18.55,0.226,1/9/2022,,,,,,,,
ORD00794,Oil & Masala,Edible Oil & Ghee,Central,Nandyal,Andhra Pradesh,7693,5826.3,31,1866.7,24.26,0.226,12/8/2023,,,,,,,,
ORD00795,Oil & Masala,Spices,West,Thanda,Andhra Pradesh,7688,6424.46,31,1263.54,16.44,0.19,9/26/2022,,,,,,,,
ORD00796,"Eggs, Meat & Fish",Mutton,West,Ballari,Andhra Pradesh,7684,5697.16,31,1986.84,25.86,0.246,8/10/2022,,,,,,,,
ORD00797,Fruits & Veggies,Organic Fruits,East,Anathapuram,Andhra Pradesh,7683,5744.09,31,1938.91,25.24,0.238333333,3/14/2022,,,,,,,,
ORD00798,Snacks,Cookies,South,Dhone,Andhra Pradesh,7678,5369.36,31,2308.64,30.07,0.19,7/30/2022,,,,,,,,
ORD00799,Food Grains,Organic Staples,West,Nandyal,Andhra Pradesh,7665,6478.21,31,1186.79,15.48,0.236,10/3/2023,,,,,,,,
ORD00800,Oil & Masala,Spices,West,Visakhapatnam,Andhra Pradesh,7656,5769.13,31,1886.87,24.65,0.196666667,9/16/2022,,,,,,,,
ORD00801,"Eggs, Meat & Fish",Chicken,Central,Dhone,Andhra Pradesh,7652,4701.39,31,2950.61,38.56,0.258,9/29/2022,,,,,,,,
ORD00802,Snacks,Noodles,Central,Visakhapatnam,Andhra Pradesh,7649,5475.19,31,2173.81,28.42,0.238333333,4/22/2022,,,,,,,,
ORD00803,"Eggs, Meat & Fish",Chicken,East,Nandyal,Andhra Pradesh,7645,4986.38,31,2658.62,34.78,0.285,10/8/2024,,,,,,,,
ORD00804,Beverages,Health Drinks,East,Ballari,Andhra Pradesh,7641,6005.97,31,1635.03,21.4,0.202,10/12/2022,,,,,,,,
ORD00805,Beverages,Health Drinks,East,Visakhapatnam,Andhra Pradesh,7639,5455.73,31,2183.27,28.58,0.248,3/3/2024,,,,,,,,
ORD00806,"Eggs, Meat & Fish",Eggs,Central,Anathapuram,Andhra Pradesh,7629,5629.24,31,1999.76,26.21,0.23,3/12/2024,,,,,,,,
ORD00807,Food Grains,Atta & Flour,Central,Kadiri,Andhra Pradesh,7628,5639.3,31,1988.7,26.07,0.3025,5/17/2022,,,,,,,,
ORD00808,Snacks,Chocolates,East,Krishnagiri,Andhra Pradesh,7624,6366.83,30,1257.17,16.49,0.2225,12/26/2024,,,,,,,,
ORD00809,Food Grains,Atta & Flour,Central,Krishnagiri,Andhra Pradesh,7623,5507.65,30,2115.35,27.75,0.225,6/18/2023,,,,,,,,
ORD00810,Oil & Masala,Spices,Central,Ongole,Andhra Pradesh,7623,6592.39,30,1030.61,13.52,0.202,1/15/2024,,,,,,,,
ORD00811,Oil & Masala,Spices,Central,Viluppuram,Andhra Pradesh,7619,5832.25,30,1786.75,23.45,0.181428571,10/19/2024,,,,,,,,
ORD00812,Food Grains,Organic Staples,West,Ballari,Andhra Pradesh,7617,5383.72,30,2233.28,29.32,0.252,8/4/2022,,,,,,,,
ORD00813,Fruits & Veggies,Organic Fruits,West,Eluru,Andhra Pradesh,7616,5944.98,30,1671.02,21.94,0.268,11/14/2023,,,,,,,,
ORD00814,Snacks,Cookies,East,Visakhapatnam,Andhra Pradesh,7611,5893.14,30,1717.86,22.57,0.255,9/17/2024,,,,,,,,
ORD00815,Beverages,Soft Drinks,South,Kanyakumari,Andhra Pradesh,7606,5516.94,30,2089.06,27.47,0.235,9/17/2023,,,,,,,,
ORD00816,Bakery,Cakes,Central,Vellore,Andhra Pradesh,7605,6076.87,30,1528.13,20.09,0.238,5/21/2024,,,,,,,,
ORD00817,Snacks,Cookies,East,Guntur,Andhra Pradesh,7603,5565.87,30,2037.13,26.79,0.232,10/21/2023,,,,,,,,
ORD00818,Fruits & Veggies,Organic Vegetables,West,Dhone,Andhra Pradesh,7603,5403,30,2200,28.94,0.24,10/2/2023,,,,,,,,
ORD00819,Fruits & Veggies,Fresh Fruits,West,Dhone,Andhra Pradesh,7597,6398.12,30,1198.88,15.78,0.192,6/25/2023,,,,,,,,
ORD00820,Beverages,Health Drinks,South,Ballari,Andhra Pradesh,7596,5778.12,30,1817.88,23.93,0.236,8/8/2023,,,,,,,,
ORD00821,Beverages,Soft Drinks,West,Ballari,Andhra Pradesh,7586,5192.3,30,2393.7,31.55,0.25,8/25/2024,,,,,,,,
ORD00822,Fruits & Veggies,Organic Fruits,Central,Kanyakumari,Andhra Pradesh,7571,5743.96,30,1827.04,24.13,0.265,8/31/2023,,,,,,,,
ORD00823,Bakery,Biscuits,Central,Anathapuram,Andhra Pradesh,7571,5922.6,30,1648.4,21.77,0.25,11/21/2023,,,,,,,,
ORD00824,Beverages,Soft Drinks,East,Ballari,Andhra Pradesh,7570,6245.94,30,1324.06,17.49,0.2325,12/17/2024,,,,,,,,
ORD00825,Snacks,Noodles,East,Kadiri,Andhra Pradesh,7563,5361.03,30,2201.97,29.12,0.175,2/5/2024,,,,,,,,
ORD00826,"Eggs, Meat & Fish",Eggs,West,Kurnool,Andhra Pradesh,7561,5672.8,30,1888.2,24.97,0.216666667,10/5/2022,,,,,,,,
ORD00827,Oil & Masala,Spices,South,Cumbum,Andhra Pradesh,7559,4948.48,30,2610.52,34.54,0.26,8/30/2024,,,,,,,,
ORD00828,Fruits & Veggies,Fresh Vegetables,East,Thanda,Andhra Pradesh,7547,5797.26,30,1749.74,23.18,0.26,1/6/2024,,,,,,,,
ORD00829,Snacks,Noodles,Central,Vellore,Andhra Pradesh,7541,6267.3,30,1273.7,16.89,0.198,8/14/2024,,,,,,,,
ORD00830,"Eggs, Meat & Fish",Fish,East,Ongole,Andhra Pradesh,7540,5584.35,30,1955.65,25.94,0.266,6/6/2023,,,,,,,,
ORD00831,Snacks,Noodles,Central,Krishnagiri,Andhra Pradesh,7535,5774.06,30,1760.94,23.37,0.246666667,6/4/2022,,,,,,,,
ORD00832,Snacks,Noodles,Central,Kodmur,Andhra Pradesh,7525,6053.2,30,1471.8,19.56,0.216,5/12/2022,,,,,,,,
ORD00833,"Eggs, Meat & Fish",Chicken,Central,Nandyal,Andhra Pradesh,7525,5730.13,30,1794.87,23.85,0.256,3/23/2024,,,,,,,,
ORD00834,"Eggs, Meat & Fish",Chicken,West,Cumbum,Andhra Pradesh,7523,6021.38,30,1501.62,19.96,0.2325,1/23/2024,,,,,,,,
ORD00835,"Eggs, Meat & Fish",Eggs,East,Vizag,Andhra Pradesh,7517,6041.28,30,1475.72,19.63,0.22,3/19/2024,,,,,,,,
ORD00836,Food Grains,Atta & Flour,East,Anathapuram,Andhra Pradesh,7507,5326.46,30,2180.54,29.05,0.266,8/3/2023,,,,,,,,
ORD00837,Fruits & Veggies,Fresh Vegetables,West,Kodmur,Andhra Pradesh,7505,6102.79,30,1402.21,18.68,0.282,4/22/2024,,,,,,,,
ORD00838,Snacks,Cookies,Central,Kurnool,Andhra Pradesh,7494,5096.42,30,2397.58,31.99,0.1825,11/3/2023,,,,,,,,
ORD00839,"Eggs, Meat & Fish",Fish,West,Prakasham,Andhra Pradesh,7489,5122.92,30,2366.08,31.59,0.19,5/7/2022,,,,,,,,
ORD00840,Oil & Masala,Masalas,East,Ongole,Andhra Pradesh,7484,4954.49,30,2529.51,33.8,0.22,7/17/2022,,,,,,,,
ORD00841,Food Grains,Rice,West,Vizag,Andhra Pradesh,7482,5469.78,30,2012.22,26.89,0.205,6/27/2022,,,,,,,,
ORD00842,Snacks,Chocolates,South,Adoni,Andhra Pradesh,7479,5765.76,30,1713.24,22.91,0.24,5/23/2023,,,,,,,,
ORD00843,Food Grains,Rice,East,Markapur,Andhra Pradesh,7477,5547.1,30,1929.9,25.81,0.183333333,12/7/2024,,,,,,,,
ORD00844,Food Grains,Dals & Pulses,South,Visakhapatnam,Andhra Pradesh,7469,4554.1,30,2914.9,39.03,0.225,8/19/2023,,,,,,,,
ORD00845,Oil & Masala,Spices,West,Kadiri,Andhra Pradesh,7464,5564.58,30,1899.42,25.45,0.2625,8/25/2024,,,,,,,,
ORD00846,Fruits & Veggies,Organic Fruits,East,Vellore,Andhra Pradesh,7460,4969.05,30,2490.95,33.39,0.174,11/22/2022,,,,,,,,
ORD00847,Food Grains,Atta & Flour,West,Kodmur,Andhra Pradesh,7456,5766.11,30,1689.89,22.66,0.238333333,6/25/2023,,,,,,,,
ORD00848,Food Grains,Atta & Flour,East,Vellore,Andhra Pradesh,7456,5429.04,30,2026.96,27.19,0.233333333,9/11/2024,,,,,,,,
ORD00849,Bakery,Cakes,Central,Visakhapatnam,Andhra Pradesh,7454,6069.11,30,1384.89,18.58,0.275,5/23/2024,,,,,,,,
ORD00850,Bakery,Cakes,Central,Kanyakumari,Andhra Pradesh,7445,6429.01,30,1015.99,13.65,0.234,10/10/2023,,,,,,,,
ORD00851,Bakery,Breads & Buns,Central,Guntur,Andhra Pradesh,7440,5630.51,30,1809.49,24.32,0.192,8/5/2023,,,,,,,,
ORD00852,"Eggs, Meat & Fish",Fish,Central,Krishnagiri,Andhra Pradesh,7432,6207.58,30,1224.42,16.47,0.2375,9/25/2024,,,,,,,,
ORD00853,"Eggs, Meat & Fish",Eggs,South,Dhone,Andhra Pradesh,7429,5410.33,30,2018.67,27.17,0.25,3/26/2023,,,,,,,,
ORD00854,Food Grains,Dals & Pulses,East,Ballari,Andhra Pradesh,7413,4657.29,30,2755.71,37.17,0.233333333,8/1/2022,,,,,,,,
ORD00855,Fruits & Veggies,Fresh Fruits,Central,Vizag,Andhra Pradesh,7406,5132.46,30,2273.54,30.7,0.1875,4/21/2024,,,,,,,,
ORD00856,"Eggs, Meat & Fish",Fish,Central,Kanyakumari,Andhra Pradesh,7396,5635.28,30,1760.72,23.81,0.2525,9/8/2022,,,,,,,,
ORD00857,Oil & Masala,Masalas,East,Ramanadhapuram,Andhra Pradesh,7395,5997.38,30,1397.62,18.9,0.208,10/4/2024,,,,,,,,
ORD00858,Food Grains,Dals & Pulses,Central,Eluru,Andhra Pradesh,7395,5725.58,30,1669.42,22.57,0.24,10/24/2023,,,,,,,,
ORD00859,Fruits & Veggies,Organic Fruits,West,Ballari,Andhra Pradesh,7394,5403.18,30,1990.82,26.92,0.156,9/1/2022,,,,,,,,
ORD00860,Snacks,Chocolates,West,Kurnool,Andhra Pradesh,7393,6279.06,30,1113.94,15.07,0.24625,5/21/2022,,,,,,,,
ORD00861,Fruits & Veggies,Fresh Vegetables,East,Dharmavaram,Andhra Pradesh,7387,5128.96,30,2258.04,30.57,0.206,4/15/2023,,,,,,,,
ORD00862,Fruits & Veggies,Fresh Fruits,Central,Cumbum,Andhra Pradesh,7386,5065.26,30,2320.74,31.42,0.242,9/14/2022,,,,,,,,
ORD00863,Food Grains,Atta & Flour,Central,Visakhapatnam,Andhra Pradesh,7367,5497.13,29,1869.87,25.38,0.23,2/26/2022,,,,,,,,
ORD00864,Beverages,Soft Drinks,West,Dharmavaram,Andhra Pradesh,7365,5120.1,29,2244.9,30.48,0.201666667,8/29/2023,,,,,,,,
ORD00865,Snacks,Noodles,East,Prakasham,Andhra Pradesh,7358,5406.77,29,1951.23,26.52,0.196,5/17/2022,,,,,,,,
ORD00866,Food Grains,Rice,West,Cumbum,Andhra Pradesh,7349,6051.44,29,1297.56,17.66,0.258,3/8/2022,,,,,,,,
ORD00867,Food Grains,Organic Staples,East,Vizag,Andhra Pradesh,7348,4824.56,29,2523.44,34.34,0.215,12/21/2023,,,,,,,,
ORD00868,Fruits & Veggies,Fresh Fruits,Central,Kurnool,Andhra Pradesh,7335,5621.47,29,1713.53,23.36,0.196,4/3/2024,,,,,,,,
ORD00869,Food Grains,Organic Staples,East,Ramanadhapuram,Andhra Pradesh,7333,5553.53,29,1779.47,24.27,0.252,10/21/2023,,,,,,,,
ORD00870,Snacks,Cookies,Central,Dharmavaram,Andhra Pradesh,7332,5589.72,29,1742.28,23.76,0.2,12/13/2023,,,,,,,,
ORD00871,Oil & Masala,Masalas,South,Kanyakumari,Andhra Pradesh,7318,6129.81,29,1188.19,16.24,0.204,7/18/2024,,,,,,,,
ORD00872,"Eggs, Meat & Fish",Mutton,West,Vellore,Andhra Pradesh,7314,6089.94,29,1224.06,16.74,0.2325,5/18/2022,,,,,,,,
ORD00873,Fruits & Veggies,Fresh Fruits,West,Kadiri,Andhra Pradesh,7302,5638.92,29,1663.08,22.78,0.168,6/20/2024,,,,,,,,
ORD00874,Snacks,Noodles,Central,Dhone,Andhra Pradesh,7300,5777.59,29,1522.41,20.85,0.256,3/3/2022,,,,,,,,
ORD00875,Fruits & Veggies,Fresh Fruits,East,Nelluru,Andhra Pradesh,7282,5948.09,29,1333.91,18.32,0.218,4/18/2023,,,,,,,,
ORD00876,"Eggs, Meat & Fish",Chicken,South,Adoni,Andhra Pradesh,7281,5092.83,29,2188.17,30.05,0.166666667,2/21/2023,,,,,,,,
ORD00877,Snacks,Chocolates,Central,Cumbum,Andhra Pradesh,7274,5596.65,29,1677.35,23.06,0.19,5/29/2023,,,,,,,,
ORD00878,Fruits & Veggies,Organic Vegetables,South,Guntur,Andhra Pradesh,7268,5011.87,29,2256.13,31.04,0.2375,11/28/2024,,,,,,,,
ORD00879,Fruits & Veggies,Organic Fruits,Central,Adoni,Andhra Pradesh,7235,5127.03,29,2107.97,29.14,0.243333333,7/10/2024,,,,,,,,
ORD00880,"Eggs, Meat & Fish",Mutton,Central,Thanda,Andhra Pradesh,7235,5682.22,29,1552.78,21.46,0.2375,3/29/2023,,,,,,,,
ORD00881,Food Grains,Rice,East,Prakasham,Andhra Pradesh,7234,6366.01,29,867.99,12,0.2225,3/29/2022,,,,,,,,
ORD00882,Oil & Masala,Spices,West,Nandyal,Andhra Pradesh,7230,5095.6,29,2134.4,29.52,0.236666667,4/14/2024,,,,,,,,
ORD00883,Fruits & Veggies,Fresh Vegetables,East,Markapur,Andhra Pradesh,7220,5182.02,29,2037.98,28.23,0.32,10/7/2024,,,,,,,,
ORD00884,Food Grains,Dals & Pulses,Central,Vellore,Andhra Pradesh,7219,5354.37,29,1864.63,25.83,0.214,8/29/2024,,,,,,,,
ORD00885,"Eggs, Meat & Fish",Mutton,South,Nandyal,Andhra Pradesh,7218,5337.74,29,1880.26,26.05,0.172,2/14/2023,,,,,,,,
ORD00886,"Eggs, Meat & Fish",Fish,Central,Nandyal,Andhra Pradesh,7204,5032.99,29,2171.01,30.14,0.263333333,10/13/2023,,,,,,,,
ORD00887,"Eggs, Meat & Fish",Eggs,East,Kanyakumari,Andhra Pradesh,7201,6217.98,29,983.02,13.65,0.264,4/19/2024,,,,,,,,
ORD00888,Snacks,Chocolates,South,Thanda,Andhra Pradesh,7194,5926.75,29,1267.25,17.62,0.22,1/10/2022,,,,,,,,
ORD00889,Food Grains,Atta & Flour,South,Kodmur,Andhra Pradesh,7191,4655.84,29,2535.16,35.25,0.228,3/7/2023,,,,,,,,
ORD00890,Fruits & Veggies,Organic Vegetables,Central,Ongole,Andhra Pradesh,7183,5409.09,29,1773.91,24.7,0.276,6/27/2023,,,,,,,,
ORD00891,Bakery,Cakes,South,Adoni,Andhra Pradesh,7181,5190.72,29,1990.28,27.72,0.2275,2/15/2022,,,,,,,,
ORD00892,Oil & Masala,Masalas,Central,Prakasham,Andhra Pradesh,7169,5280.2,29,1888.8,26.35,0.2425,11/29/2023,,,,,,,,
ORD00893,Fruits & Veggies,Fresh Vegetables,Central,Guntur,Andhra Pradesh,7167,5496.1,29,1670.9,23.31,0.312,4/16/2023,,,,,,,,
ORD00894,Fruits & Veggies,Fresh Fruits,West,Ongole,Andhra Pradesh,7158,5711.99,29,1446.01,20.2,0.268,9/20/2023,,,,,,,,
ORD00895,Snacks,Noodles,Central,Eluru,Andhra Pradesh,7158,5304.99,29,1853.01,25.89,0.26,6/10/2022,,,,,,,,
ORD00896,Food Grains,Atta & Flour,Central,Prakasham,Andhra Pradesh,7153,5667.55,29,1485.45,20.77,0.1575,7/6/2023,,,,,,,,
ORD00897,"Eggs, Meat & Fish",Mutton,East,Anathapuram,Andhra Pradesh,7151,4774.47,29,2376.53,33.23,0.264,3/10/2023,,,,,,,,
ORD00898,Food Grains,Dals & Pulses,Central,Anathapuram,Andhra Pradesh,7149,5982.05,29,1166.95,16.32,0.174,4/4/2024,,,,,,,,
ORD00899,Beverages,Health Drinks,Central,Vizag,Andhra Pradesh,7146,5193.06,29,1952.94,27.33,0.2975,6/12/2022,,,,,,,,
ORD00900,Fruits & Veggies,Fresh Vegetables,Central,Kadiri,Andhra Pradesh,7146,5287.32,29,1858.68,26.01,0.252,10/9/2022,,,,,,,,
ORD00901,Fruits & Veggies,Organic Fruits,West,Thanda,Andhra Pradesh,7139,5405.17,29,1733.83,24.29,0.268,11/17/2024,,,,,,,,
ORD00902,Food Grains,Organic Staples,East,Kanyakumari,Andhra Pradesh,7136,4608.36,29,2527.64,35.42,0.2175,12/2/2023,,,,,,,,
ORD00903,Bakery,Cakes,West,Vellore,Andhra Pradesh,7135,5283.33,29,1851.67,25.95,0.251666667,4/20/2023,,,,,,,,
ORD00904,Snacks,Chocolates,East,Kurnool,Andhra Pradesh,7134,4715.34,29,2418.66,33.9,0.215,3/11/2023,,,,,,,,
ORD00905,"Eggs, Meat & Fish",Mutton,East,Visakhapatnam,Andhra Pradesh,7128,5451.28,29,1676.72,23.52,0.2325,5/10/2022,,,,,,,,
ORD00906,"Eggs, Meat & Fish",Mutton,West,Kurnool,Andhra Pradesh,7124,6018.56,28,1105.44,15.52,0.2375,4/1/2023,,,,,,,,
ORD00907,"Eggs, Meat & Fish",Eggs,Central,Nelluru,Andhra Pradesh,7121,5232.2,28,1888.8,26.52,0.232,5/2/2023,,,,,,,,
ORD00908,"Eggs, Meat & Fish",Chicken,West,Prakasham,Andhra Pradesh,7112,4180.13,28,2931.87,41.22,0.2125,2/9/2022,,,,,,,,
ORD00909,"Eggs, Meat & Fish",Eggs,East,Viluppuram,Andhra Pradesh,7111,5553.17,28,1557.83,21.91,0.2325,7/5/2023,,,,,,,,
ORD00910,"Eggs, Meat & Fish",Chicken,Central,Anathapuram,Andhra Pradesh,7099,5692.08,28,1406.92,19.82,0.255,9/6/2023,,,,,,,,
ORD00911,Bakery,Cakes,Central,Anathapuram,Andhra Pradesh,7092,4984.03,28,2107.97,29.72,0.258,1/24/2023,,,,,,,,
ORD00912,Food Grains,Dals & Pulses,West,Dharmavaram,Andhra Pradesh,7090,4530.49,28,2559.51,36.1,0.252,4/10/2023,,,,,,,,
ORD00913,Fruits & Veggies,Organic Fruits,East,Kodmur,Andhra Pradesh,7086,5304.87,28,1781.13,25.14,0.236,12/19/2023,,,,,,,,
ORD00914,Snacks,Chocolates,Central,Guntur,Andhra Pradesh,7085,5700.66,28,1384.34,19.54,0.195,2/5/2023,,,,,,,,
ORD00915,"Eggs, Meat & Fish",Mutton,Central,Prakasham,Andhra Pradesh,7075,5582.59,28,1492.41,21.09,0.226,1/29/2024,,,,,,,,
ORD00916,Snacks,Noodles,South,Ongole,Andhra Pradesh,7073,5229.16,28,1843.84,26.07,0.18,7/14/2024,,,,,,,,
ORD00917,Bakery,Cakes,East,Kadiri,Andhra Pradesh,7068,4657.32,28,2410.68,34.11,0.224,3/16/2022,,,,,,,,
ORD00918,Fruits & Veggies,Organic Fruits,East,Vizag,Andhra Pradesh,7066,5986.88,28,1079.12,15.27,0.1875,4/17/2022,,,,,,,,
ORD00919,Fruits & Veggies,Organic Fruits,West,Markapur,Andhra Pradesh,7056,5412.08,28,1643.92,23.3,0.2,5/24/2022,,,,,,,,
ORD00920,Food Grains,Atta & Flour,West,Thanda,Andhra Pradesh,7043,5024.03,28,2018.97,28.67,0.191666667,8/18/2023,,,,,,,,
ORD00921,Beverages,Health Drinks,East,Guntur,Andhra Pradesh,7039,4971.44,28,2067.56,29.37,0.25,11/28/2022,,,,,,,,
ORD00922,"Eggs, Meat & Fish",Chicken,East,Kadiri,Andhra Pradesh,7038,5548.41,28,1489.59,21.16,0.18,2/4/2024,,,,,,,,
ORD00923,"Eggs, Meat & Fish",Eggs,Central,Ballari,Andhra Pradesh,7037,5224.59,28,1812.41,25.76,0.246,8/2/2023,,,,,,,,
ORD00924,"Eggs, Meat & Fish",Chicken,Central,Krishnagiri,Andhra Pradesh,7029,5432.25,28,1596.75,22.72,0.225,5/14/2023,,,,,,,,
ORD00925,Food Grains,Rice,West,Krishnagiri,Andhra Pradesh,7014,5427.44,28,1586.56,22.62,0.2825,3/15/2024,,,,,,,,
ORD00926,"Eggs, Meat & Fish",Eggs,South,Vellore,Andhra Pradesh,7008,5395.13,28,1612.87,23.01,0.25,12/30/2022,,,,,,,,
ORD00927,Bakery,Breads & Buns,Central,Markapur,Andhra Pradesh,7003,4790.93,28,2212.07,31.59,0.2675,2/15/2024,,,,,,,,
ORD00928,Bakery,Biscuits,South,Adoni,Andhra Pradesh,6984,5649.44,28,1334.56,19.11,0.2125,4/7/2023,,,,,,,,
ORD00929,Fruits & Veggies,Fresh Vegetables,East,Ballari,Andhra Pradesh,6978,4305.09,28,2672.91,38.3,0.255,7/1/2024,,,,,,,,
ORD00930,Beverages,Soft Drinks,East,Kanyakumari,Andhra Pradesh,6972,5761.73,28,1210.27,17.36,0.248,6/6/2022,,,,,,,,
ORD00931,Oil & Masala,Spices,East,Ramanadhapuram,Andhra Pradesh,6965,5018.25,28,1946.75,27.95,0.222,12/31/2024,,,,,,,,
ORD00932,Food Grains,Atta & Flour,West,Eluru,Andhra Pradesh,6962,5648.18,28,1313.82,18.87,0.213333333,11/23/2024,,,,,,,,
ORD00933,Beverages,Health Drinks,Central,Kodmur,Andhra Pradesh,6960,4468.77,28,2491.23,35.79,0.161666667,8/3/2024,,,,,,,,
ORD00934,Fruits & Veggies,Organic Fruits,Central,Eluru,Andhra Pradesh,6952,5215.8,28,1736.2,24.97,0.24,6/16/2024,,,,,,,,
ORD00935,Fruits & Veggies,Organic Fruits,Central,Kadiri,Andhra Pradesh,6949,4733.93,28,2215.07,31.88,0.283333333,1/2/2023,,,,,,,,
ORD00936,Fruits & Veggies,Fresh Fruits,Central,Nandyal,Andhra Pradesh,6944,5240.19,28,1703.81,24.54,0.1675,7/16/2022,,,,,,,,
ORD00937,Oil & Masala,Spices,West,Prakasham,Andhra Pradesh,6944,5160.29,28,1783.71,25.69,0.238333333,2/13/2024,,,,,,,,
ORD00938,"Eggs, Meat & Fish",Eggs,Central,Thanda,Andhra Pradesh,6943,5453.65,28,1489.35,21.45,0.195,5/21/2022,,,,,,,,
ORD00939,Beverages,Soft Drinks,South,Ballari,Andhra Pradesh,6937,5356.45,28,1580.55,22.78,0.22,9/16/2023,,,,,,,,
ORD00940,Fruits & Veggies,Fresh Fruits,East,Viluppuram,Andhra Pradesh,6936,5093.26,28,1842.74,26.57,0.258,10/23/2022,,,,,,,,
ORD00941,"Eggs, Meat & Fish",Fish,South,Kodmur,Andhra Pradesh,6932,5675.48,28,1256.52,18.13,0.23,9/23/2024,,,,,,,,
ORD00942,Bakery,Biscuits,Central,Vellore,Andhra Pradesh,6927,4553.92,28,2373.08,34.26,0.232,3/11/2023,,,,,,,,
ORD00943,Fruits & Veggies,Fresh Fruits,West,Cumbum,Andhra Pradesh,6920,5700.04,28,1219.96,17.63,0.214,12/23/2023,,,,,,,,
ORD00944,Food Grains,Organic Staples,West,Prakasham,Andhra Pradesh,6901,5512.97,28,1388.03,20.11,0.232,2/11/2023,,,,,,,,
ORD00945,Food Grains,Dals & Pulses,West,Kadiri,Andhra Pradesh,6899,5962.68,28,936.32,13.57,0.188333333,5/24/2022,,,,,,,,
ORD00946,Oil & Masala,Spices,South,Markapur,Andhra Pradesh,6898,4730.88,28,2167.12,31.42,0.283333333,6/20/2024,,,,,,,,
ORD00947,"Eggs, Meat & Fish",Fish,East,Kanyakumari,Andhra Pradesh,6896,5277.75,28,1618.25,23.47,0.235,10/3/2022,,,,,,,,
ORD00948,Bakery,Breads & Buns,Central,Visakhapatnam,Andhra Pradesh,6888,5097.01,28,1790.99,26,0.25,11/3/2024,,,,,,,,
ORD00949,Bakery,Cakes,South,Vellore,Andhra Pradesh,6885,4490.11,28,2394.89,34.78,0.2675,7/4/2024,,,,,,,,
ORD00950,"Eggs, Meat & Fish",Mutton,West,Cumbum,Andhra Pradesh,6885,4988.15,28,1896.85,27.55,0.2275,12/12/2024,,,,,,,,
ORD00951,Oil & Masala,Edible Oil & Ghee,Central,Vizag,Andhra Pradesh,6884,4788.36,28,2095.64,30.44,0.191428571,6/3/2024,,,,,,,,
ORD00952,Snacks,Noodles,East,Nelluru,Andhra Pradesh,6869,5087.27,27,1781.73,25.94,0.21,9/28/2023,,,,,,,,
ORD00953,Oil & Masala,Spices,West,Eluru,Andhra Pradesh,6867,5053.58,27,1813.42,26.41,0.218,1/25/2024,,,,,,,,
ORD00954,Snacks,Cookies,East,Dharmavaram,Andhra Pradesh,6860,5201.59,27,1658.41,24.18,0.16,2/2/2023,,,,,,,,
ORD00955,Oil & Masala,Edible Oil & Ghee,West,Kurnool,Andhra Pradesh,6860,5011.42,27,1848.58,26.95,0.17,5/13/2024,,,,,,,,
ORD00956,Bakery,Breads & Buns,South,Kadiri,Andhra Pradesh,6848,5428.54,27,1419.46,20.73,0.2325,5/13/2022,,,,,,,,
ORD00957,Bakery,Breads & Buns,East,Kanyakumari,Andhra Pradesh,6840,5142.5,27,1697.5,24.82,0.181666667,2/23/2023,,,,,,,,
ORD00958,Food Grains,Atta & Flour,West,Kanyakumari,Andhra Pradesh,6840,5199.92,27,1640.08,23.98,0.15,3/25/2023,,,,,,,,
ORD00959,Food Grains,Atta & Flour,East,Kurnool,Andhra Pradesh,6836,6080,27,756,11.06,0.2675,1/1/2023,,,,,,,,
ORD00960,Food Grains,Organic Staples,South,Kanyakumari,Andhra Pradesh,6807,4220.81,27,2586.19,37.99,0.22,6/1/2022,,,,,,,,
ORD00961,Fruits & Veggies,Organic Vegetables,Central,Ballari,Andhra Pradesh,6800,5174.27,27,1625.73,23.91,0.306666667,8/15/2023,,,,,,,,
ORD00962,Fruits & Veggies,Fresh Fruits,East,Dharmavaram,Andhra Pradesh,6800,5153.8,27,1646.2,24.21,0.2325,3/11/2024,,,,,,,,
ORD00963,Food Grains,Atta & Flour,Central,Viluppuram,Andhra Pradesh,6797,5288.89,27,1508.11,22.19,0.246666667,1/9/2024,,,,,,,,
ORD00964,Oil & Masala,Spices,East,Kurnool,Andhra Pradesh,6795,4230.1,27,2564.9,37.75,0.223333333,7/2/2022,,,,,,,,
ORD00965,Snacks,Noodles,East,Kurnool,Andhra Pradesh,6792,5318.29,27,1473.71,21.7,0.28,8/11/2023,,,,,,,,
ORD00966,Bakery,Cakes,East,Thanda,Andhra Pradesh,6783,4946.75,27,1836.25,27.07,0.26,1/8/2022,,,,,,,,
ORD00967,Fruits & Veggies,Fresh Fruits,Central,Kadiri,Andhra Pradesh,6781,4958.3,27,1822.7,26.88,0.1875,11/2/2024,,,,,,,,
ORD00968,Food Grains,Rice,South,Ramanadhapuram,Andhra Pradesh,6773,4700.79,27,2072.21,30.6,0.258,9/16/2024,,,,,,,,
ORD00969,Fruits & Veggies,Fresh Fruits,Central,Ongole,Andhra Pradesh,6770,4676.42,27,2093.58,30.92,0.232,8/2/2022,,,,,,,,
ORD00970,"Eggs, Meat & Fish",Chicken,Central,Vellore,Andhra Pradesh,6763,5283.88,27,1479.12,21.87,0.285,11/4/2024,,,,,,,,
ORD00971,Bakery,Breads & Buns,East,Krishnagiri,Andhra Pradesh,6762,5860.63,27,901.37,13.33,0.275,9/24/2023,,,,,,,,
ORD00972,"Eggs, Meat & Fish",Mutton,South,Dharmavaram,Andhra Pradesh,6761,5155.57,27,1605.43,23.75,0.228,1/10/2023,,,,,,,,
ORD00973,Fruits & Veggies,Organic Vegetables,East,Ongole,Andhra Pradesh,6758,5361.51,27,1396.49,20.66,0.2025,12/16/2022,,,,,,,,
ORD00974,Bakery,Biscuits,South,Thanda,Andhra Pradesh,6747,5123.37,27,1623.63,24.06,0.206666667,10/13/2022,,,,,,,,
ORD00975,Food Grains,Rice,East,Eluru,Andhra Pradesh,6744,5115.99,27,1628.01,24.14,0.2075,2/10/2023,,,,,,,,
ORD00976,"Eggs, Meat & Fish",Eggs,West,Markapur,Andhra Pradesh,6743,5079.82,27,1663.18,24.67,0.192,9/19/2022,,,,,,,,
ORD00977,Oil & Masala,Spices,West,Cumbum,Andhra Pradesh,6735,5393.95,27,1341.05,19.91,0.225,2/13/2023,,,,,,,,
ORD00978,"Eggs, Meat & Fish",Eggs,East,Dhone,Andhra Pradesh,6734,4841.89,27,1892.11,28.1,0.1875,9/22/2024,,,,,,,,
ORD00979,Snacks,Cookies,East,Nandyal,Andhra Pradesh,6731,5332.88,27,1398.12,20.77,0.205,11/23/2024,,,,,,,,
ORD00980,Oil & Masala,Masalas,West,Markapur,Andhra Pradesh,6724,4887.68,27,1836.32,27.31,0.215,1/23/2022,,,,,,,,
ORD00981,Snacks,Noodles,West,Thanda,Andhra Pradesh,6723,5400.71,27,1322.29,19.67,0.23,1/23/2022,,,,,,,,
ORD00982,Fruits & Veggies,Fresh Fruits,Central,Dhone,Andhra Pradesh,6719,5345.22,27,1373.78,20.45,0.174,12/27/2024,,,,,,,,
ORD00983,"Eggs, Meat & Fish",Chicken,East,Ongole,Andhra Pradesh,6712,4738.9,27,1973.1,29.4,0.206,8/28/2023,,,,,,,,
ORD00984,Oil & Masala,Edible Oil & Ghee,Central,Kadiri,Andhra Pradesh,6709,5231,27,1478,22.03,0.2075,12/28/2023,,,,,,,,
ORD00985,Fruits & Veggies,Fresh Vegetables,Central,Ongole,Andhra Pradesh,6706,5007.15,27,1698.85,25.33,0.21,9/30/2023,,,,,,,,
ORD00986,Oil & Masala,Spices,South,Ballari,Andhra Pradesh,6698,5887.22,27,810.78,12.1,0.246666667,8/7/2023,,,,,,,,
ORD00987,Snacks,Noodles,Central,Nandyal,Andhra Pradesh,6696,4617.51,27,2078.49,31.04,0.266,4/23/2023,,,,,,,,
ORD00988,Bakery,Breads & Buns,East,Viluppuram,Andhra Pradesh,6695,4763.6,27,1931.4,28.85,0.201666667,6/14/2024,,,,,,,,
ORD00989,Food Grains,Atta & Flour,South,Vizag,Andhra Pradesh,6690,4830.48,27,1859.52,27.8,0.2225,1/19/2024,,,,,,,,
ORD00990,Bakery,Cakes,Central,Thanda,Andhra Pradesh,6680,5066.06,27,1613.94,24.16,0.2125,10/1/2024,,,,,,,,
ORD00991,Food Grains,Atta & Flour,East,Cumbum,Andhra Pradesh,6676,5085.61,27,1590.39,23.82,0.21,7/27/2023,,,,,,,,
ORD00992,"Eggs, Meat & Fish",Eggs,Central,Krishnagiri,Andhra Pradesh,6674,5577.24,27,1096.76,16.43,0.248,10/5/2024,,,,,,,,
ORD00993,Food Grains,Atta & Flour,South,Cumbum,Andhra Pradesh,6656,4246.87,27,2409.13,36.19,0.2075,5/4/2022,,,,,,,,
ORD00994,Fruits & Veggies,Organic Fruits,South,Adoni,Andhra Pradesh,6652,4688.79,27,1963.21,29.51,0.25,3/9/2022,,,,,,,,
ORD00995,Food Grains,Dals & Pulses,Central,Kurnool,Andhra Pradesh,6647,5269.13,27,1377.87,20.73,0.19,6/16/2024,,,,,,,,
ORD00996,Oil & Masala,Edible Oil & Ghee,West,Prakasham,Andhra Pradesh,6645,4442.15,27,2202.85,33.15,0.21,6/18/2024,,,,,,,,
ORD00997,Oil & Masala,Edible Oil & Ghee,South,Kanyakumari,Andhra Pradesh,6640,5268.01,27,1371.99,20.66,0.235,11/20/2023,,,,,,,,
ORD00998,Fruits & Veggies,Organic Fruits,Central,Thanda,Andhra Pradesh,6636,5539.17,27,1096.83,16.53,0.196,9/30/2022,,,,,,,,
ORD00999,Snacks,Cookies,Central,Dhone,Andhra Pradesh,6634,5464.67,27,1169.33,17.63,0.254,3/22/2022,,,,,,,,
ORD01000,Food Grains,Atta & Flour,East,Dharmavaram,Andhra Pradesh,6630,4493.6,27,2136.4,32.22,0.2425,1/20/2023,,,,,,,,
ORD01001,Snacks,Noodles,South,Nelluru,Andhra Pradesh,6628,4609.08,27,2018.92,30.46,0.2,10/18/2023,,,,,,,,
ORD01002,Fruits & Veggies,Fresh Vegetables,Central,Dharmavaram,Andhra Pradesh,6627,4892.53,27,1734.47,26.17,0.2425,7/1/2023,,,,,,,,
ORD01003,Fruits & Veggies,Organic Vegetables,West,Vellore,Andhra Pradesh,6627,4825.74,27,1801.26,27.18,0.2025,12/19/2022,,,,,,,,
ORD01004,Snacks,Cookies,South,Kanyakumari,Andhra Pradesh,6627,4942.11,27,1684.89,25.42,0.19,5/22/2023,,,,,,,,
ORD01005,"Eggs, Meat & Fish",Fish,East,Adoni,Andhra Pradesh,6626,5532.79,27,1093.21,16.5,0.2425,3/22/2024,,,,,,,,
ORD01006,Snacks,Noodles,West,Krishnagiri,Andhra Pradesh,6623,4841.26,26,1781.74,26.9,0.2625,6/3/2024,,,,,,,,
ORD01007,Oil & Masala,Spices,Central,Thanda,Andhra Pradesh,6622,5512.89,26,1109.11,16.75,0.27,9/23/2024,,,,,,,,
ORD01008,Food Grains,Rice,East,Ongole,Andhra Pradesh,6613,4071.05,26,2541.95,38.44,0.22,11/20/2023,,,,,,,,
ORD01009,Oil & Masala,Masalas,South,Kurnool,Andhra Pradesh,6611,5051.72,26,1559.28,23.59,0.222,5/3/2023,,,,,,,,
ORD01010,Oil & Masala,Edible Oil & Ghee,Central,Adoni,Andhra Pradesh,6606,5161.06,26,1444.94,21.87,0.254,6/17/2022,,,,,,,,
ORD01011,"Eggs, Meat & Fish",Mutton,South,Adoni,Andhra Pradesh,6602,4896.34,26,1705.66,25.84,0.275,10/25/2022,,,,,,,,
ORD01012,Food Grains,Dals & Pulses,South,Kodmur,Andhra Pradesh,6602,4970.31,26,1631.69,24.72,0.22,1/10/2022,,,,,,,,
ORD01013,Fruits & Veggies,Fresh Vegetables,West,Anathapuram,Andhra Pradesh,6592,4522.52,26,2069.48,31.39,0.205,7/23/2024,,,,,,,,
ORD01014,"Eggs, Meat & Fish",Fish,West,Kurnool,Andhra Pradesh,6592,4278.3,26,2313.7,35.1,0.195,12/5/2022,,,,,,,,
ORD01015,Snacks,Chocolates,Central,Thanda,Andhra Pradesh,6592,4876.87,26,1715.13,26.02,0.245,9/11/2024,,,,,,,,
ORD01016,Beverages,Soft Drinks,South,Dharmavaram,Andhra Pradesh,6590,5225.25,26,1364.75,20.71,0.1825,3/25/2023,,,,,,,,
ORD01017,Fruits & Veggies,Fresh Fruits,West,Eluru,Andhra Pradesh,6589,4256.65,26,2332.35,35.4,0.213333333,2/10/2023,,,,,,,,
ORD01018,Snacks,Chocolates,South,Guntur,Andhra Pradesh,6589,4665.16,26,1923.84,29.2,0.2575,1/9/2024,,,,,,,,
ORD01019,"Eggs, Meat & Fish",Eggs,Central,Kurnool,Andhra Pradesh,6584,5247.39,26,1336.61,20.3,0.2375,8/8/2024,,,,,,,,
ORD01020,Food Grains,Atta & Flour,Central,Kurnool,Andhra Pradesh,6580,5121.67,26,1458.33,22.16,0.26,8/18/2024,,,,,,,,
ORD01021,"Eggs, Meat & Fish",Mutton,East,Nandyal,Andhra Pradesh,6580,5047.09,26,1532.91,23.3,0.218,5/27/2023,,,,,,,,
ORD01022,"Eggs, Meat & Fish",Chicken,Central,Prakasham,Andhra Pradesh,6579,4625.54,26,1953.46,29.69,0.256666667,3/1/2024,,,,,,,,
ORD01023,Food Grains,Atta & Flour,West,Kurnool,Andhra Pradesh,6575,5163.94,26,1411.06,21.46,0.245,6/20/2022,,,,,,,,
ORD01024,Snacks,Chocolates,Central,Viluppuram,Andhra Pradesh,6568,4234.16,26,2333.84,35.53,0.186666667,5/17/2023,,,,,,,,
ORD01025,Food Grains,Atta & Flour,East,Nelluru,Andhra Pradesh,6566,5216.09,26,1349.91,20.56,0.258,8/9/2022,,,,,,,,
ORD01026,"Eggs, Meat & Fish",Chicken,East,Viluppuram,Andhra Pradesh,6557,4863.94,26,1693.06,25.82,0.23,12/19/2023,,,,,,,,
ORD01027,Food Grains,Atta & Flour,West,Visakhapatnam,Andhra Pradesh,6551,4605.2,26,1945.8,29.7,0.232,2/21/2024,,,,,,,,
ORD01028,Beverages,Soft Drinks,South,Viluppuram,Andhra Pradesh,6543,4938.8,26,1604.2,24.52,0.212,10/13/2022,,,,,,,,
ORD01029,"Eggs, Meat & Fish",Fish,Central,Adoni,Andhra Pradesh,6542,5215.08,26,1326.92,20.28,0.2325,8/14/2023,,,,,,,,
ORD01030,Snacks,Cookies,East,Kadiri,Andhra Pradesh,6538,5252.91,26,1285.09,19.66,0.152,4/9/2024,,,,,,,,
ORD01031,Fruits & Veggies,Fresh Vegetables,West,Eluru,Andhra Pradesh,6532,4032.2,26,2499.8,38.27,0.195,10/12/2024,,,,,,,,
ORD01032,Food Grains,Rice,West,Markapur,Andhra Pradesh,6509,5278.82,26,1230.18,18.9,0.26,6/30/2023,,,,,,,,
ORD01033,Snacks,Cookies,South,Krishnagiri,Andhra Pradesh,6504,4520.04,26,1983.96,30.5,0.1775,8/28/2022,,,,,,,,
ORD01034,Fruits & Veggies,Organic Vegetables,Central,Guntur,Andhra Pradesh,6499,4477.09,26,2021.91,31.11,0.23,4/27/2024,,,,,,,,
ORD01035,Food Grains,Rice,West,Ongole,Andhra Pradesh,6497,5229.39,26,1267.61,19.51,0.1975,2/23/2022,,,,,,,,
ORD01036,Bakery,Breads & Buns,South,Markapur,Andhra Pradesh,6496,4597.03,26,1898.97,29.23,0.24,2/5/2022,,,,,,,,
ORD01037,Snacks,Cookies,West,Visakhapatnam,Andhra Pradesh,6494,4454.98,26,2039.02,31.4,0.15,10/6/2023,,,,,,,,
ORD01038,Fruits & Veggies,Fresh Vegetables,South,Ongole,Andhra Pradesh,6493,4087.45,26,2405.55,37.05,0.215,5/7/2024,,,,,,,,
ORD01039,"Eggs, Meat & Fish",Mutton,East,Kadiri,Andhra Pradesh,6492,4867.53,26,1624.47,25.02,0.265,8/26/2024,,,,,,,,
ORD01040,Beverages,Soft Drinks,Central,Kanyakumari,Andhra Pradesh,6492,4727.75,26,1764.25,27.18,0.22,6/29/2024,,,,,,,,
ORD01041,"Eggs, Meat & Fish",Fish,East,Krishnagiri,Andhra Pradesh,6489,5168.19,26,1320.81,20.35,0.242,4/18/2023,,,,,,,,
ORD01042,Food Grains,Dals & Pulses,East,Kodmur,Andhra Pradesh,6485,5181.66,26,1303.34,20.1,0.2275,11/14/2024,,,,,,,,
ORD01043,Fruits & Veggies,Organic Vegetables,West,Eluru,Andhra Pradesh,6481,4971.88,26,1509.12,23.29,0.1575,5/12/2023,,,,,,,,
ORD01044,Snacks,Chocolates,Central,Dharmavaram,Andhra Pradesh,6479,5172.51,26,1306.49,20.16,0.2625,7/6/2023,,,,,,,,
ORD01045,Snacks,Noodles,East,Adoni,Andhra Pradesh,6464,4536.07,26,1927.93,29.83,0.218333333,6/29/2024,,,,,,,,
ORD01046,Fruits & Veggies,Fresh Vegetables,South,Prakasham,Andhra Pradesh,6464,4357.7,26,2106.3,32.59,0.1775,5/3/2024,,,,,,,,
ORD01047,Snacks,Noodles,South,Anathapuram,Andhra Pradesh,6455,4198.66,26,2256.34,34.95,0.29,7/15/2023,,,,,,,,
ORD01048,"Eggs, Meat & Fish",Eggs,East,Nandyal,Andhra Pradesh,6452,5055.72,26,1396.28,21.64,0.2325,7/26/2023,,,,,,,,
ORD01049,Snacks,Chocolates,West,Vizag,Andhra Pradesh,6451,5058.55,26,1392.45,21.59,0.23,2/9/2022,,,,,,,,
ORD01050,Bakery,Cakes,South,Ongole,Andhra Pradesh,6447,4463.09,26,1983.91,30.77,0.216,10/7/2023,,,,,,,,
ORD01051,Beverages,Soft Drinks,South,Adoni,Andhra Pradesh,6437,5343.63,26,1093.37,16.99,0.2425,12/14/2023,,,,,,,,
ORD01052,Food Grains,Dals & Pulses,West,Kodmur,Andhra Pradesh,6434,4610.91,26,1823.09,28.34,0.266,5/4/2024,,,,,,,,
ORD01053,Fruits & Veggies,Organic Vegetables,East,Dhone,Andhra Pradesh,6428,4560.56,26,1867.44,29.05,0.246666667,10/15/2024,,,,,,,,
ORD01054,"Eggs, Meat & Fish",Eggs,South,Ballari,Andhra Pradesh,6424,5010.96,26,1413.04,22,0.2475,3/20/2023,,,,,,,,
ORD01055,Beverages,Health Drinks,Central,Dharmavaram,Andhra Pradesh,6415,4966.48,26,1448.52,22.58,0.225714286,12/13/2023,,,,,,,,
ORD01056,Snacks,Chocolates,East,Vizag,Andhra Pradesh,6400,4909.98,26,1490.02,23.28,0.212,2/18/2023,,,,,,,,
ORD01057,Oil & Masala,Edible Oil & Ghee,Central,Anathapuram,Andhra Pradesh,6394,4699.31,26,1694.69,26.5,0.276666667,9/2/2023,,,,,,,,
ORD01058,Food Grains,Organic Staples,Central,Thanda,Andhra Pradesh,6392,4773.15,26,1618.85,25.33,0.268,4/10/2023,,,,,,,,
ORD01059,"Eggs, Meat & Fish",Chicken,East,Dhone,Andhra Pradesh,6389,5682.49,26,706.51,11.06,0.2125,10/18/2022,,,,,,,,
ORD01060,Fruits & Veggies,Organic Fruits,East,Nandyal,Andhra Pradesh,6379,4749.92,26,1629.08,25.54,0.218,6/9/2022,,,,,,,,
ORD01061,Bakery,Breads & Buns,West,Nandyal,Andhra Pradesh,6377,5801.35,26,575.65,9.03,0.23,8/17/2022,,,,,,,,
ORD01062,Fruits & Veggies,Organic Fruits,Central,Nelluru,Andhra Pradesh,6377,4616.4,26,1760.6,27.61,0.2775,11/11/2024,,,,,,,,
ORD01063,Oil & Masala,Masalas,South,Kadiri,Andhra Pradesh,6377,4335.36,26,2041.64,32.02,0.19,1/20/2022,,,,,,,,
ORD01064,Food Grains,Rice,Central,Vizag,Andhra Pradesh,6375,4830.2,26,1544.8,24.23,0.21,10/5/2024,,,,,,,,
ORD01065,Food Grains,Atta & Flour,East,Adoni,Andhra Pradesh,6374,5181.16,25,1192.84,18.71,0.1875,4/1/2023,,,,,,,,
ORD01066,Fruits & Veggies,Fresh Vegetables,West,Kadiri,Andhra Pradesh,6369,4996.09,25,1372.91,21.56,0.176,9/20/2022,,,,,,,,
ORD01067,Snacks,Chocolates,Central,Vizag,Andhra Pradesh,6368,4829.95,25,1538.05,24.15,0.244,1/20/2023,,,,,,,,
ORD01068,Food Grains,Dals & Pulses,South,Thanda,Andhra Pradesh,6360,4503.58,25,1856.42,29.19,0.23,4/22/2023,,,,,,,,
ORD01069,Bakery,Biscuits,East,Nandyal,Andhra Pradesh,6356,5043.44,25,1312.56,20.65,0.275,6/11/2022,,,,,,,,
ORD01070,Fruits & Veggies,Organic Vegetables,East,Nelluru,Andhra Pradesh,6353,4528.95,25,1824.05,28.71,0.23,3/7/2022,,,,,,,,
ORD01071,Fruits & Veggies,Fresh Fruits,East,Nandyal,Andhra Pradesh,6350,4161.15,25,2188.85,34.47,0.253333333,1/27/2023,,,,,,,,
ORD01072,Fruits & Veggies,Organic Vegetables,West,Nandyal,Andhra Pradesh,6349,4315.15,25,2033.85,32.03,0.238,4/27/2024,,,,,,,,
ORD01073,Fruits & Veggies,Organic Vegetables,East,Visakhapatnam,Andhra Pradesh,6347,4911.02,25,1435.98,22.62,0.2,8/10/2022,,,,,,,,
ORD01074,Oil & Masala,Masalas,Central,Eluru,Andhra Pradesh,6344,5216.84,25,1127.16,17.77,0.1975,4/29/2022,,,,,,,,
ORD01075,Food Grains,Organic Staples,Central,Kadiri,Andhra Pradesh,6343,5030.92,25,1312.08,20.69,0.225,7/2/2022,,,,,,,,
ORD01076,Oil & Masala,Edible Oil & Ghee,Central,Ongole,Andhra Pradesh,6340,4454.36,25,1885.64,29.74,0.216,2/25/2023,,,,,,,,
ORD01077,Oil & Masala,Edible Oil & Ghee,East,Prakasham,Andhra Pradesh,6337,4288.52,25,2048.48,32.33,0.226666667,9/28/2024,,,,,,,,
ORD01078,Bakery,Breads & Buns,East,Eluru,Andhra Pradesh,6333,3786.75,25,2546.25,40.21,0.175,3/18/2022,,,,,,,,
ORD01079,Bakery,Breads & Buns,South,Adoni,Andhra Pradesh,6329,5045.27,25,1283.73,20.28,0.2,12/26/2024,,,,,,,,
ORD01080,Bakery,Biscuits,Central,Guntur,Andhra Pradesh,6329,5233.57,25,1095.43,17.31,0.261666667,9/16/2023,,,,,,,,
ORD01081,"Eggs, Meat & Fish",Eggs,South,Vizag,Andhra Pradesh,6321,4763.88,25,1557.12,24.63,0.15,12/31/2023,,,,,,,,
ORD01082,Bakery,Breads & Buns,East,Kurnool,Andhra Pradesh,6316,4514.26,25,1801.74,28.53,0.2525,6/18/2022,,,,,,,,
ORD01083,Fruits & Veggies,Fresh Vegetables,West,Cumbum,Andhra Pradesh,6308,4080.29,25,2227.71,35.32,0.16,4/30/2023,,,,,,,,
ORD01084,"Eggs, Meat & Fish",Chicken,West,Kurnool,Andhra Pradesh,6299,4916.02,25,1382.98,21.96,0.2225,5/28/2022,,,,,,,,
ORD01085,Food Grains,Atta & Flour,Central,Markapur,Andhra Pradesh,6298,5305.99,25,992.01,15.75,0.18,6/11/2022,,,,,,,,
ORD01086,Food Grains,Rice,South,Cumbum,Andhra Pradesh,6296,4465.42,25,1830.58,29.08,0.258,3/5/2024,,,,,,,,
ORD01087,Food Grains,Atta & Flour,East,Visakhapatnam,Andhra Pradesh,6293,4839.11,25,1453.89,23.1,0.246666667,6/11/2023,,,,,,,,
ORD01088,Snacks,Noodles,West,Nandyal,Andhra Pradesh,6293,4731.01,25,1561.99,24.82,0.2725,10/28/2022,,,,,,,,
ORD01089,Beverages,Soft Drinks,South,Kodmur,Andhra Pradesh,6282,4757.92,25,1524.08,24.26,0.196,12/3/2023,,,,,,,,
ORD01090,Snacks,Cookies,West,Prakasham,Andhra Pradesh,6278,4924.87,25,1353.13,21.55,0.225,4/9/2023,,,,,,,,
ORD01091,Snacks,Cookies,Central,Nelluru,Andhra Pradesh,6274,4542.06,25,1731.94,27.61,0.222,7/16/2022,,,,,,,,
ORD01092,Oil & Masala,Masalas,East,Adoni,Andhra Pradesh,6274,3909.48,25,2364.52,37.69,0.228333333,6/6/2022,,,,,,,,
ORD01093,Oil & Masala,Spices,Central,Kanyakumari,Andhra Pradesh,6271,4599.93,25,1671.07,26.65,0.276666667,3/6/2023,,,,,,,,
ORD01094,Food Grains,Rice,East,Vellore,Andhra Pradesh,6270,4173.3,25,2096.7,33.44,0.226,3/11/2022,,,,,,,,
ORD01095,"Eggs, Meat & Fish",Chicken,Central,Kanyakumari,Andhra Pradesh,6270,5364.17,25,905.83,14.45,0.2725,4/22/2022,,,,,,,,
ORD01096,Beverages,Soft Drinks,South,Vizag,Andhra Pradesh,6261,4865.97,25,1395.03,22.28,0.2675,8/14/2023,,,,,,,,
ORD01097,Oil & Masala,Edible Oil & Ghee,South,Thanda,Andhra Pradesh,6251,4916.76,25,1334.24,21.34,0.176,7/30/2023,,,,,,,,
ORD01098,Beverages,Health Drinks,South,Vellore,Andhra Pradesh,6242,4449.78,25,1792.22,28.71,0.1375,5/21/2022,,,,,,,,
ORD01099,Fruits & Veggies,Fresh Vegetables,East,Nandyal,Andhra Pradesh,6242,4960.93,25,1281.07,20.52,0.28,10/11/2023,,,,,,,,
ORD01100,Bakery,Biscuits,West,Vizag,Andhra Pradesh,6235,5203.92,25,1031.08,16.54,0.222,3/14/2024,,,,,,,,
ORD01101,"Eggs, Meat & Fish",Mutton,East,Krishnagiri,Andhra Pradesh,6231,5144.18,25,1086.82,17.44,0.216,9/10/2024,,,,,,,,
ORD01102,Fruits & Veggies,Fresh Vegetables,East,Kodmur,Andhra Pradesh,6219,4572.51,25,1646.49,26.48,0.294,3/25/2022,,,,,,,,
ORD01103,Fruits & Veggies,Fresh Fruits,West,Kanyakumari,Andhra Pradesh,6216,4236.57,25,1979.43,31.84,0.226666667,3/23/2022,,,,,,,,
ORD01104,Snacks,Cookies,Central,Vellore,Andhra Pradesh,6212,5005.64,25,1206.36,19.42,0.188,11/16/2022,,,,,,,,
ORD01105,Bakery,Breads & Buns,West,Dhone,Andhra Pradesh,6203,4914.94,25,1288.06,20.77,0.15,1/21/2023,,,,,,,,
ORD01106,Oil & Masala,Masalas,South,Krishnagiri,Andhra Pradesh,6198,4231.44,25,1966.56,31.73,0.276,10/9/2024,,,,,,,,
ORD01107,Bakery,Biscuits,West,Guntur,Andhra Pradesh,6198,4520.73,25,1677.27,27.06,0.25,6/27/2023,,,,,,,,
ORD01108,"Eggs, Meat & Fish",Eggs,East,Eluru,Andhra Pradesh,6193,4394.69,25,1798.31,29.04,0.2275,4/28/2022,,,,,,,,
ORD01109,Bakery,Breads & Buns,West,Kurnool,Andhra Pradesh,6189,4955.94,25,1233.06,19.92,0.182,4/20/2023,,,,,,,,
ORD01110,Fruits & Veggies,Organic Fruits,South,Nandyal,Andhra Pradesh,6189,4797.16,25,1391.84,22.49,0.2775,4/4/2023,,,,,,,,
ORD01111,Fruits & Veggies,Fresh Vegetables,South,Markapur,Andhra Pradesh,6167,5080.06,25,1086.94,17.63,0.2825,12/9/2024,,,,,,,,
ORD01112,Oil & Masala,Spices,South,Guntur,Andhra Pradesh,6165,4606.92,25,1558.08,25.27,0.215,9/16/2024,,,,,,,,
ORD01113,Snacks,Chocolates,West,Viluppuram,Andhra Pradesh,6163,4279.09,25,1883.91,30.57,0.172,5/10/2023,,,,,,,,
ORD01114,"Eggs, Meat & Fish",Chicken,West,Kadiri,Andhra Pradesh,6161,4699.2,25,1461.8,23.73,0.2325,12/14/2024,,,,,,,,
ORD01115,Snacks,Chocolates,East,Kadiri,Andhra Pradesh,6160,4314.45,25,1845.55,29.96,0.228,4/6/2023,,,,,,,,
ORD01116,Food Grains,Atta & Flour,West,Ongole,Andhra Pradesh,6155,4485.1,25,1669.9,27.13,0.212,5/11/2024,,,,,,,,
ORD01117,Fruits & Veggies,Fresh Fruits,Central,Markapur,Andhra Pradesh,6148,4270.79,25,1877.21,30.53,0.2525,7/10/2024,,,,,,,,
ORD01118,Food Grains,Atta & Flour,Central,Thanda,Andhra Pradesh,6133,4289.95,25,1843.05,30.05,0.163333333,2/5/2024,,,,,,,,
ORD01119,"Eggs, Meat & Fish",Fish,South,Guntur,Andhra Pradesh,6128,4212.2,25,1915.8,31.26,0.16,9/27/2023,,,,,,,,
ORD01120,Beverages,Soft Drinks,South,Dhone,Andhra Pradesh,6125,4604.7,24,1520.3,24.82,0.213333333,12/7/2024,,,,,,,,
ORD01121,"Eggs, Meat & Fish",Chicken,Central,Cumbum,Andhra Pradesh,6119,4340.86,24,1778.14,29.06,0.18,5/8/2024,,,,,,,,
ORD01122,Oil & Masala,Masalas,South,Guntur,Andhra Pradesh,6118,4054.13,24,2063.87,33.73,0.266666667,2/4/2024,,,,,,,,
ORD01123,Food Grains,Dals & Pulses,South,Ballari,Andhra Pradesh,6117,4662.93,24,1454.07,23.77,0.254,1/1/2024,,,,,,,,
ORD01124,Snacks,Cookies,East,Vellore,Andhra Pradesh,6116,4822.93,24,1293.07,21.14,0.175,10/7/2023,,,,,,,,
ORD01125,Bakery,Biscuits,Central,Visakhapatnam,Andhra Pradesh,6114,4981.84,24,1132.16,18.52,0.2,5/12/2024,,,,,,,,
ORD01126,Fruits & Veggies,Fresh Fruits,East,Kadiri,Andhra Pradesh,6113,4587.39,24,1525.61,24.96,0.2,6/5/2023,,,,,,,,
ORD01127,Fruits & Veggies,Organic Vegetables,East,Kanyakumari,Andhra Pradesh,6108,4305.34,24,1802.66,29.51,0.23,4/11/2024,,,,,,,,
ORD01128,Oil & Masala,Spices,Central,Markapur,Andhra Pradesh,6107,4686.1,24,1420.9,23.27,0.19,5/15/2022,,,,,,,,
ORD01129,"Eggs, Meat & Fish",Eggs,East,Dharmavaram,Andhra Pradesh,6100,4930.84,24,1169.16,19.17,0.2475,2/1/2022,,,,,,,,
ORD01130,Fruits & Veggies,Organic Vegetables,East,Viluppuram,Andhra Pradesh,6099,4405.85,24,1693.15,27.76,0.19,2/5/2023,,,,,,,,
ORD01131,Fruits & Veggies,Fresh Vegetables,West,Ballari,Andhra Pradesh,6091,4968.85,24,1122.15,18.42,0.235,2/20/2023,,,,,,,,
ORD01132,Oil & Masala,Edible Oil & Ghee,Central,Visakhapatnam,Andhra Pradesh,6087,4266.45,24,1820.55,29.91,0.26,3/3/2023,,,,,,,,
ORD01133,Bakery,Biscuits,West,Nelluru,Andhra Pradesh,6084,5186.2,24,897.8,14.76,0.218,5/30/2022,,,,,,,,
ORD01134,"Eggs, Meat & Fish",Mutton,West,Krishnagiri,Andhra Pradesh,6081,4174.92,24,1906.08,31.34,0.2525,1/14/2023,,,,,,,,
ORD01135,"Eggs, Meat & Fish",Mutton,South,Dhone,Andhra Pradesh,6076,3964.46,24,2111.54,34.75,0.166666667,3/15/2022,,,,,,,,
ORD01136,Fruits & Veggies,Organic Fruits,West,Anathapuram,Andhra Pradesh,6071,4616.16,24,1454.84,23.96,0.28,2/21/2023,,,,,,,,
ORD01137,Food Grains,Dals & Pulses,Central,Visakhapatnam,Andhra Pradesh,6071,3788.67,24,2282.33,37.59,0.186666667,11/15/2022,,,,,,,,
ORD01138,"Eggs, Meat & Fish",Mutton,West,Anathapuram,Andhra Pradesh,6069,3842.81,24,2226.19,36.68,0.245,11/28/2023,,,,,,,,
ORD01139,"Eggs, Meat & Fish",Chicken,Central,Markapur,Andhra Pradesh,6054,5169.96,24,884.04,14.6,0.16,11/14/2024,,,,,,,,
ORD01140,Oil & Masala,Masalas,East,Vellore,Andhra Pradesh,6039,4231.95,24,1807.05,29.92,0.218,2/10/2022,,,,,,,,
ORD01141,"Eggs, Meat & Fish",Mutton,Central,Eluru,Andhra Pradesh,6036,5521.64,24,514.36,8.52,0.25,1/14/2024,,,,,,,,
ORD01142,Snacks,Noodles,Central,Ongole,Andhra Pradesh,6036,4124.02,24,1911.98,31.68,0.2625,5/8/2024,,,,,,,,
ORD01143,Snacks,Noodles,East,Visakhapatnam,Andhra Pradesh,6035,4570.72,24,1464.28,24.26,0.233333333,6/18/2024,,,,,,,,
ORD01144,"Eggs, Meat & Fish",Eggs,South,Cumbum,Andhra Pradesh,6031,4402.62,24,1628.38,27,0.3275,8/30/2022,,,,,,,,
ORD01145,"Eggs, Meat & Fish",Mutton,Central,Kodmur,Andhra Pradesh,6030,4068.54,24,1961.46,32.53,0.146666667,1/9/2023,,,,,,,,
ORD01146,Oil & Masala,Masalas,Central,Nandyal,Andhra Pradesh,6028,3911.34,24,2116.66,35.11,0.27,11/15/2023,,,,,,,,
ORD01147,Food Grains,Rice,Central,Nandyal,Andhra Pradesh,6025,4110.17,24,1914.83,31.78,0.2875,6/8/2024,,,,,,,,
ORD01148,Fruits & Veggies,Fresh Vegetables,South,Anathapuram,Andhra Pradesh,6025,4287.35,24,1737.65,28.84,0.2225,9/14/2022,,,,,,,,
ORD01149,Fruits & Veggies,Organic Vegetables,West,Adoni,Andhra Pradesh,6022,3841.04,24,2180.96,36.22,0.173333333,12/10/2022,,,,,,,,
ORD01150,Beverages,Soft Drinks,Central,Nelluru,Andhra Pradesh,6006,4380.25,24,1625.75,27.07,0.256,7/3/2024,,,,,,,,
ORD01151,"Eggs, Meat & Fish",Fish,East,Dhone,Andhra Pradesh,6004,4527.39,24,1476.61,24.59,0.28,11/13/2022,,,,,,,,
ORD01152,Fruits & Veggies,Fresh Fruits,West,Kurnool,Andhra Pradesh,5996,4826.7,24,1169.3,19.5,0.2025,11/1/2024,,,,,,,,
ORD01153,Food Grains,Rice,South,Guntur,Andhra Pradesh,5991,4486.68,24,1504.32,25.11,0.196666667,12/27/2022,,,,,,,,
ORD01154,Oil & Masala,Edible Oil & Ghee,South,Dhone,Andhra Pradesh,5980,4042.5,24,1937.5,32.4,0.18,12/1/2024,,,,,,,,
ORD01155,Oil & Masala,Edible Oil & Ghee,West,Ramanadhapuram,Andhra Pradesh,5973,4828.74,24,1144.26,19.16,0.156666667,5/16/2024,,,,,,,,
ORD01156,Bakery,Cakes,Central,Cumbum,Andhra Pradesh,5967,3694.15,24,2272.85,38.09,0.173333333,12/11/2023,,,,,,,,
ORD01157,Food Grains,Organic Staples,East,Visakhapatnam,Andhra Pradesh,5963,4667.9,24,1295.1,21.72,0.196666667,8/16/2024,,,,,,,,
ORD01158,"Eggs, Meat & Fish",Chicken,Central,Ramanadhapuram,Andhra Pradesh,5959,4468.03,24,1490.97,25.02,0.2275,3/15/2022,,,,,,,,
ORD01159,Beverages,Soft Drinks,South,Cumbum,Andhra Pradesh,5956,4327.17,24,1628.83,27.35,0.305,6/19/2023,,,,,,,,
ORD01160,Snacks,Noodles,South,Visakhapatnam,Andhra Pradesh,5948,4585.43,24,1362.57,22.91,0.22,6/29/2024,,,,,,,,
ORD01161,Bakery,Biscuits,Central,Nelluru,Andhra Pradesh,5947,4191.93,24,1755.07,29.51,0.2325,1/26/2024,,,,,,,,
ORD01162,Fruits & Veggies,Fresh Vegetables,Central,Visakhapatnam,Andhra Pradesh,5929,4075.15,24,1853.85,31.27,0.183333333,12/20/2022,,,,,,,,
ORD01163,Snacks,Cookies,Central,Eluru,Andhra Pradesh,5929,4379.56,24,1549.44,26.13,0.2575,10/10/2022,,,,,,,,
ORD01164,Food Grains,Rice,West,Kadiri,Andhra Pradesh,5929,3945.7,24,1983.3,33.45,0.18,10/23/2023,,,,,,,,
ORD01165,Oil & Masala,Spices,Central,Dhone,Andhra Pradesh,5925,4310.09,24,1614.91,27.26,0.175,12/21/2022,,,,,,,,
ORD01166,"Eggs, Meat & Fish",Fish,East,Vellore,Andhra Pradesh,5923,3935.03,24,1987.97,33.56,0.205,3/2/2024,,,,,,,,
ORD01167,Oil & Masala,Edible Oil & Ghee,West,Thanda,Andhra Pradesh,5923,4440.77,24,1482.23,25.02,0.26,9/29/2023,,,,,,,,
ORD01168,Oil & Masala,Spices,South,Dharmavaram,Andhra Pradesh,5922,4419.18,24,1502.82,25.38,0.2525,11/14/2022,,,,,,,,
ORD01169,Beverages,Soft Drinks,Central,Cumbum,Andhra Pradesh,5916,4643.24,24,1272.76,21.51,0.256,10/26/2022,,,,,,,,
ORD01170,Fruits & Veggies,Organic Fruits,South,Vizag,Andhra Pradesh,5913,3991.43,24,1921.57,32.5,0.246666667,7/1/2022,,,,,,,,
ORD01171,Food Grains,Organic Staples,West,Adoni,Andhra Pradesh,5909,4195.19,24,1713.81,29,0.223333333,6/30/2022,,,,,,,,
ORD01172,Oil & Masala,Edible Oil & Ghee,West,Markapur,Andhra Pradesh,5907,4727.4,24,1179.6,19.97,0.22,8/6/2024,,,,,,,,
ORD01173,"Eggs, Meat & Fish",Fish,East,Kadiri,Andhra Pradesh,5906,3851.16,24,2054.84,34.79,0.255,4/17/2022,,,,,,,,
ORD01174,"Eggs, Meat & Fish",Eggs,West,Thanda,Andhra Pradesh,5903,3603.1,24,2299.9,38.96,0.2075,4/12/2023,,,,,,,,
ORD01175,"Eggs, Meat & Fish",Chicken,East,Kodmur,Andhra Pradesh,5901,4335.75,24,1565.25,26.53,0.194,7/8/2022,,,,,,,,
ORD01176,Food Grains,Atta & Flour,South,Eluru,Andhra Pradesh,5900,4190.49,24,1709.51,28.97,0.22,11/20/2024,,,,,,,,
ORD01177,"Eggs, Meat & Fish",Eggs,Central,Prakasham,Andhra Pradesh,5892,4620.18,24,1271.82,21.59,0.175,12/21/2022,,,,,,,,
ORD01178,Beverages,Soft Drinks,Central,Krishnagiri,Andhra Pradesh,5878,4209.94,24,1668.06,28.38,0.244,2/10/2024,,,,,,,,
ORD01179,Bakery,Breads & Buns,West,Nelluru,Andhra Pradesh,5878,3933.62,24,1944.38,33.08,0.244,5/21/2023,,,,,,,,
ORD01180,Beverages,Soft Drinks,Central,Dharmavaram,Andhra Pradesh,5874,5023.94,23,850.06,14.47,0.196666667,4/24/2023,,,,,,,,
ORD01181,Bakery,Cakes,East,Cumbum,Andhra Pradesh,5867,4405.11,23,1461.89,24.92,0.216666667,10/12/2024,,,,,,,,
ORD01182,Food Grains,Rice,West,Dharmavaram,Andhra Pradesh,5853,4562.41,23,1290.59,22.05,0.225,1/20/2023,,,,,,,,
ORD01183,Oil & Masala,Masalas,West,Kodmur,Andhra Pradesh,5850,4321.43,23,1528.57,26.13,0.28,10/9/2022,,,,,,,,
ORD01184,Snacks,Chocolates,South,Ballari,Andhra Pradesh,5837,4138.84,23,1698.16,29.09,0.2125,2/11/2024,,,,,,,,
ORD01185,Food Grains,Rice,South,Prakasham,Andhra Pradesh,5834,4309.14,23,1524.86,26.14,0.25,2/21/2022,,,,,,,,
ORD01186,Fruits & Veggies,Organic Fruits,West,Vizag,Andhra Pradesh,5833,4378.07,23,1454.93,24.94,0.212,11/9/2023,,,,,,,,
ORD01187,Food Grains,Dals & Pulses,Central,Kanyakumari,Andhra Pradesh,5830,4893.5,23,936.5,16.06,0.22,5/6/2022,,,,,,,,
ORD01188,Fruits & Veggies,Organic Fruits,Central,Dhone,Andhra Pradesh,5824,5069.35,23,754.65,12.96,0.25,6/27/2022,,,,,,,,
ORD01189,Fruits & Veggies,Organic Vegetables,Central,Adoni,Andhra Pradesh,5822,4440.64,23,1381.36,23.73,0.213333333,2/22/2024,,,,,,,,
ORD01190,"Eggs, Meat & Fish",Eggs,West,Adoni,Andhra Pradesh,5819,3728.47,23,2090.53,35.93,0.195,3/26/2024,,,,,,,,
ORD01191,Snacks,Chocolates,Central,Nandyal,Andhra Pradesh,5813,3840.62,23,1972.38,33.93,0.2275,7/24/2024,,,,,,,,
ORD01192,Food Grains,Organic Staples,East,Kurnool,Andhra Pradesh,5810,4563.02,23,1246.98,21.46,0.24,1/18/2024,,,,,,,,
ORD01193,Oil & Masala,Edible Oil & Ghee,East,Adoni,Andhra Pradesh,5806,4262.49,23,1543.51,26.58,0.176,1/9/2022,,,,,,,,
ORD01194,Bakery,Cakes,Central,Dhone,Andhra Pradesh,5805,4963.81,23,841.19,14.49,0.173333333,10/8/2022,,,,,,,,
ORD01195,"Eggs, Meat & Fish",Eggs,East,Ongole,Andhra Pradesh,5801,3912.89,23,1888.11,32.55,0.193333333,9/4/2023,,,,,,,,
ORD01196,Oil & Masala,Masalas,East,Nelluru,Andhra Pradesh,5796,4214.07,23,1581.93,27.29,0.285,8/22/2022,,,,,,,,
ORD01197,Snacks,Chocolates,East,Cumbum,Andhra Pradesh,5790,4342.12,23,1447.88,25.01,0.236,4/15/2022,,,,,,,,
ORD01198,"Eggs, Meat & Fish",Fish,Central,Kodmur,Andhra Pradesh,5789,4027.2,23,1761.8,30.43,0.183333333,11/7/2022,,,,,,,,
ORD01199,Food Grains,Rice,West,Eluru,Andhra Pradesh,5785,5030.17,23,754.83,13.05,0.24,9/22/2022,,,,,,,,
ORD01200,Snacks,Noodles,East,Kodmur,Andhra Pradesh,5784,4218.56,23,1565.44,27.07,0.2125,1/13/2024,,,,,,,,
ORD01201,Oil & Masala,Spices,Central,Krishnagiri,Andhra Pradesh,5779,4014.08,23,1764.92,30.54,0.2175,7/27/2022,,,,,,,,
ORD01202,Fruits & Veggies,Fresh Vegetables,West,Visakhapatnam,Andhra Pradesh,5777,3909.3,23,1867.7,32.33,0.17,9/1/2022,,,,,,,,
ORD01203,Food Grains,Dals & Pulses,South,Dharmavaram,Andhra Pradesh,5777,4231.32,23,1545.68,26.76,0.236666667,6/12/2022,,,,,,,,
ORD01204,Fruits & Veggies,Fresh Fruits,West,Anathapuram,Andhra Pradesh,5760,4197.42,23,1562.58,27.13,0.2625,11/15/2024,,,,,,,,
ORD01205,"Eggs, Meat & Fish",Mutton,West,Nelluru,Andhra Pradesh,5757,4044.92,23,1712.08,29.74,0.2625,9/28/2023,,,,,,,,
ORD01206,Food Grains,Organic Staples,East,Prakasham,Andhra Pradesh,5746,4708.13,23,1037.87,18.06,0.2025,8/15/2022,,,,,,,,
ORD01207,Snacks,Cookies,Central,Nandyal,Andhra Pradesh,5734,4866.62,23,867.38,15.13,0.205,8/1/2022,,,,,,,,
ORD01208,Fruits & Veggies,Organic Vegetables,West,Dharmavaram,Andhra Pradesh,5728,4502.34,23,1225.66,21.4,0.2475,1/28/2023,,,,,,,,
ORD01209,Food Grains,Atta & Flour,East,Viluppuram,Andhra Pradesh,5724,4103.99,23,1620.01,28.3,0.274,6/18/2024,,,,,,,,
ORD01210,Beverages,Health Drinks,South,Nandyal,Andhra Pradesh,5719,4059.57,23,1659.43,29.02,0.276666667,7/10/2022,,,,,,,,
ORD01211,Oil & Masala,Edible Oil & Ghee,East,Visakhapatnam,Andhra Pradesh,5708,4105.75,23,1602.25,28.07,0.2275,7/11/2022,,,,,,,,
ORD01212,Food Grains,Organic Staples,South,Guntur,Andhra Pradesh,5706,3611.74,23,2094.26,36.7,0.2325,6/27/2024,,,,,,,,
ORD01213,Food Grains,Rice,Central,Anathapuram,Andhra Pradesh,5699,4410.61,23,1288.39,22.61,0.216666667,12/8/2024,,,,,,,,
ORD01214,Fruits & Veggies,Organic Fruits,West,Adoni,Andhra Pradesh,5699,4500.31,23,1198.69,21.03,0.21,5/15/2024,,,,,,,,
ORD01215,Fruits & Veggies,Organic Vegetables,South,Markapur,Andhra Pradesh,5689,3550.16,23,2138.84,37.6,0.2525,9/29/2024,,,,,,,,
ORD01216,Fruits & Veggies,Organic Fruits,East,Guntur,Andhra Pradesh,5687,4646.38,23,1040.62,18.3,0.215,4/19/2024,,,,,,,,
ORD01217,Food Grains,Dals & Pulses,East,Viluppuram,Andhra Pradesh,5679,4608.86,23,1070.14,18.84,0.183333333,9/28/2022,,,,,,,,
ORD01218,Bakery,Biscuits,East,Prakasham,Andhra Pradesh,5678,4600.94,23,1077.06,18.97,0.243333333,3/29/2023,,,,,,,,
ORD01219,Beverages,Health Drinks,West,Ongole,Andhra Pradesh,5676,3922.17,23,1753.83,30.9,0.258,3/12/2022,,,,,,,,
ORD01220,Snacks,Chocolates,East,Thanda,Andhra Pradesh,5675,4928.02,23,746.98,13.16,0.16,2/2/2023,,,,,,,,
ORD01221,Snacks,Chocolates,South,Dhone,Andhra Pradesh,5675,3432.59,23,2242.41,39.51,0.203333333,1/19/2024,,,,,,,,
ORD01222,Fruits & Veggies,Organic Fruits,West,Guntur,Andhra Pradesh,5670,4239.49,23,1430.51,25.23,0.254,2/14/2024,,,,,,,,
ORD01223,Oil & Masala,Spices,Central,Nelluru,Andhra Pradesh,5666,4632.13,23,1033.87,18.25,0.245,3/4/2022,,,,,,,,
ORD01224,Bakery,Biscuits,West,Markapur,Andhra Pradesh,5659,4818.84,23,840.16,14.85,0.2275,1/5/2024,,,,,,,,
ORD01225,Food Grains,Dals & Pulses,West,Vizag,Andhra Pradesh,5648,4173.86,23,1474.14,26.1,0.245,3/12/2024,,,,,,,,
ORD01226,Oil & Masala,Masalas,Central,Vizag,Andhra Pradesh,5631,4415.67,23,1215.33,21.58,0.213333333,12/1/2022,,,,,,,,
ORD01227,Fruits & Veggies,Fresh Fruits,South,Ongole,Andhra Pradesh,5627,3780.44,23,1846.56,32.82,0.2675,3/21/2023,,,,,,,,
ORD01228,Fruits & Veggies,Organic Fruits,West,Nandyal,Andhra Pradesh,5626,4586.3,23,1039.7,18.48,0.246666667,9/23/2024,,,,,,,,
ORD01229,Snacks,Noodles,West,Ballari,Andhra Pradesh,5622,3945.42,22,1676.58,29.82,0.19,5/13/2022,,,,,,,,
ORD01230,Bakery,Breads & Buns,Central,Adoni,Andhra Pradesh,5621,4708.27,22,912.73,16.24,0.24,4/22/2022,,,,,,,,
ORD01231,Fruits & Veggies,Organic Vegetables,West,Thanda,Andhra Pradesh,5617,3705.07,22,1911.93,34.04,0.2275,8/28/2023,,,,,,,,
ORD01232,Bakery,Cakes,West,Adoni,Andhra Pradesh,5616,4421.01,22,1194.99,21.28,0.185,9/12/2024,,,,,,,,
ORD01233,Fruits & Veggies,Fresh Vegetables,East,Eluru,Andhra Pradesh,5610,4285.55,22,1324.45,23.61,0.2425,10/16/2022,,,,,,,,
ORD01234,Bakery,Breads & Buns,East,Nandyal,Andhra Pradesh,5610,4037.17,22,1572.83,28.04,0.23,2/8/2023,,,,,,,,
ORD01235,Bakery,Breads & Buns,South,Ballari,Andhra Pradesh,5609,4765.01,22,843.99,15.05,0.2075,11/2/2022,,,,,,,,
ORD01236,Beverages,Health Drinks,East,Ongole,Andhra Pradesh,5607,3824.63,22,1782.37,31.79,0.234,11/26/2023,,,,,,,,
ORD01237,Snacks,Chocolates,South,Vizag,Andhra Pradesh,5601,4777.99,22,823.01,14.69,0.2425,3/9/2024,,,,,,,,
ORD01238,Fruits & Veggies,Fresh Fruits,East,Markapur,Andhra Pradesh,5592,4089.12,22,1502.88,26.88,0.3125,4/24/2022,,,,,,,,
ORD01239,Food Grains,Rice,Central,Visakhapatnam,Andhra Pradesh,5592,3359.41,22,2232.59,39.92,0.2,11/6/2022,,,,,,,,
ORD01240,Bakery,Biscuits,South,Eluru,Andhra Pradesh,5589,3902.53,22,1686.47,30.17,0.2,7/30/2022,,,,,,,,
ORD01241,Snacks,Cookies,South,Ramanadhapuram,Andhra Pradesh,5585,3676.59,22,1908.41,34.17,0.186666667,12/31/2022,,,,,,,,
ORD01242,Bakery,Cakes,East,Adoni,Andhra Pradesh,5584,4653.95,22,930.05,16.66,0.27,1/21/2022,,,,,,,,
ORD01243,Fruits & Veggies,Organic Vegetables,West,Ongole,Andhra Pradesh,5582,4332.56,22,1249.44,22.38,0.303333333,5/16/2023,,,,,,,,
ORD01244,Oil & Masala,Masalas,East,Markapur,Andhra Pradesh,5580,4377.62,22,1202.38,21.55,0.176666667,2/24/2023,,,,,,,,
ORD01245,Bakery,Cakes,Central,Dharmavaram,Andhra Pradesh,5570,4150.82,22,1419.18,25.48,0.294,6/7/2022,,,,,,,,
ORD01246,Bakery,Biscuits,East,Kurnool,Andhra Pradesh,5566,3616.91,22,1949.09,35.02,0.1825,3/15/2023,,,,,,,,
ORD01247,Food Grains,Rice,South,Dharmavaram,Andhra Pradesh,5552,4597.42,22,954.58,17.19,0.22,8/21/2022,,,,,,,,
ORD01248,Snacks,Chocolates,West,Ballari,Andhra Pradesh,5550,4565.98,22,984.02,17.73,0.203333333,7/31/2023,,,,,,,,
ORD01249,Fruits & Veggies,Organic Vegetables,East,Nandyal,Andhra Pradesh,5541,3663.52,22,1877.48,33.88,0.245,5/2/2023,,,,,,,,
ORD01250,"Eggs, Meat & Fish",Fish,South,Dhone,Andhra Pradesh,5537,3709.12,22,1827.88,33.01,0.266666667,12/2/2023,,,,,,,,
ORD01251,"Eggs, Meat & Fish",Chicken,West,Adoni,Andhra Pradesh,5528,4112.24,22,1415.76,25.61,0.1925,4/15/2024,,,,,,,,
ORD01252,Food Grains,Dals & Pulses,East,Ongole,Andhra Pradesh,5520,3424.47,22,2095.53,37.96,0.286666667,2/25/2022,,,,,,,,
ORD01253,Fruits & Veggies,Organic Fruits,South,Eluru,Andhra Pradesh,5518,3767.91,22,1750.09,31.72,0.2025,7/20/2024,,,,,,,,
ORD01254,Fruits & Veggies,Fresh Vegetables,South,Vellore,Andhra Pradesh,5517,3887.31,22,1629.69,29.54,0.183333333,1/4/2022,,,,,,,,
ORD01255,Beverages,Soft Drinks,South,Vellore,Andhra Pradesh,5511,4334.11,22,1176.89,21.36,0.16,12/18/2023,,,,,,,,
ORD01256,Bakery,Cakes,South,Ramanadhapuram,Andhra Pradesh,5508,4440.26,22,1067.74,19.39,0.2525,10/2/2024,,,,,,,,
ORD01257,Food Grains,Rice,East,Kodmur,Andhra Pradesh,5498,4331.83,22,1166.17,21.21,0.24,2/4/2024,,,,,,,,
ORD01258,"Eggs, Meat & Fish",Fish,Central,Guntur,Andhra Pradesh,5489,3962.38,22,1526.62,27.81,0.243333333,8/23/2022,,,,,,,,
ORD01259,Food Grains,Rice,South,Krishnagiri,Andhra Pradesh,5489,3994.09,22,1494.91,27.23,0.1975,9/22/2024,,,,,,,,
ORD01260,Food Grains,Rice,South,Kanyakumari,Andhra Pradesh,5488,4220.73,22,1267.27,23.09,0.24,1/26/2024,,,,,,,,
ORD01261,Food Grains,Rice,Central,Cumbum,Andhra Pradesh,5486,4412.67,22,1073.33,19.56,0.256,10/24/2023,,,,,,,,
ORD01262,Bakery,Cakes,West,Vizag,Andhra Pradesh,5482,4733.44,22,748.56,13.65,0.2375,8/21/2022,,,,,,,,
ORD01263,Fruits & Veggies,Organic Fruits,East,Krishnagiri,Andhra Pradesh,5473,3847.29,22,1625.71,29.7,0.195,4/14/2023,,,,,,,,
ORD01264,Food Grains,Organic Staples,Central,Eluru,Andhra Pradesh,5472,3405,22,2067,37.77,0.24,7/7/2024,,,,,,,,
ORD01265,Food Grains,Rice,Central,Kurnool,Andhra Pradesh,5471,3822.05,22,1648.95,30.14,0.276666667,11/3/2023,,,,,,,,
ORD01266,Oil & Masala,Masalas,South,Kodmur,Andhra Pradesh,5469,4880.2,22,588.8,10.77,0.2875,2/26/2024,,,,,,,,
ORD01267,Fruits & Veggies,Organic Vegetables,Central,Vellore,Andhra Pradesh,5449,4479.2,22,969.8,17.8,0.316666667,1/6/2022,,,,,,,,
ORD01268,Snacks,Chocolates,Central,Eluru,Andhra Pradesh,5433,4526.13,22,906.87,16.69,0.18,2/29/2024,,,,,,,,
ORD01269,Oil & Masala,Spices,Central,Nandyal,Andhra Pradesh,5428,4177.46,22,1250.54,23.04,0.203333333,7/23/2022,,,,,,,,
ORD01270,Snacks,Cookies,South,Vellore,Andhra Pradesh,5428,4720.65,22,707.35,13.03,0.196666667,6/27/2022,,,,,,,,
ORD01271,Oil & Masala,Masalas,Central,Ballari,Andhra Pradesh,5422,4121.29,22,1300.71,23.99,0.22,7/17/2022,,,,,,,,
ORD01272,Food Grains,Rice,South,Visakhapatnam,Andhra Pradesh,5420,3155.11,22,2264.89,41.79,0.236666667,2/27/2022,,,,,,,,
ORD01273,Snacks,Chocolates,East,Dharmavaram,Andhra Pradesh,5417,3488.26,22,1928.74,35.61,0.29,10/1/2022,,,,,,,,
ORD01274,Bakery,Cakes,Central,Krishnagiri,Andhra Pradesh,5413,3487.43,22,1925.57,35.57,0.262,8/12/2023,,,,,,,,
ORD01275,Beverages,Soft Drinks,South,Guntur,Andhra Pradesh,5411,4192.67,22,1218.33,22.52,0.28,7/24/2023,,,,,,,,
ORD01276,"Eggs, Meat & Fish",Eggs,South,Adoni,Andhra Pradesh,5408,4127.4,22,1280.6,23.68,0.16,9/8/2023,,,,,,,,
ORD01277,Food Grains,Rice,West,Kurnool,Andhra Pradesh,5404,4132.18,22,1271.82,23.53,0.2575,8/12/2022,,,,,,,,
ORD01278,Beverages,Health Drinks,South,Eluru,Andhra Pradesh,5398,4248.54,22,1149.46,21.29,0.18,7/18/2022,,,,,,,,
ORD01279,Fruits & Veggies,Fresh Fruits,East,Krishnagiri,Andhra Pradesh,5397,4225.01,22,1171.99,21.72,0.243333333,5/26/2022,,,,,,,,
ORD01280,Snacks,Cookies,South,Ballari,Andhra Pradesh,5396,4156.99,22,1239.01,22.96,0.216666667,2/28/2024,,,,,,,,
ORD01281,"Eggs, Meat & Fish",Mutton,South,Viluppuram,Andhra Pradesh,5392,3975.41,22,1416.59,26.27,0.2675,3/24/2022,,,,,,,,
ORD01282,Fruits & Veggies,Organic Vegetables,East,Vizag,Andhra Pradesh,5390,4371.32,22,1018.68,18.9,0.262,10/24/2023,,,,,,,,
ORD01283,Snacks,Cookies,East,Nelluru,Andhra Pradesh,5372,3700.68,21,1671.32,31.11,0.182,6/13/2023,,,,,,,,
ORD01284,"Eggs, Meat & Fish",Eggs,East,Adoni,Andhra Pradesh,5367,4348.26,21,1018.74,18.98,0.256,7/25/2024,,,,,,,,
ORD01285,Food Grains,Atta & Flour,South,Guntur,Andhra Pradesh,5362,4049.82,21,1312.18,24.47,0.153333333,12/30/2023,,,,,,,,
ORD01286,Fruits & Veggies,Fresh Vegetables,East,Vizag,Andhra Pradesh,5359,3841.09,21,1517.91,28.32,0.21,11/18/2022,,,,,,,,
ORD01287,"Eggs, Meat & Fish",Chicken,South,Prakasham,Andhra Pradesh,5359,4054.28,21,1304.72,24.35,0.183333333,8/23/2024,,,,,,,,
ORD01288,Fruits & Veggies,Organic Fruits,South,Dhone,Andhra Pradesh,5351,3529.12,21,1821.88,34.05,0.27,6/2/2023,,,,,,,,
ORD01289,Fruits & Veggies,Fresh Fruits,East,Vellore,Andhra Pradesh,5323,3745.81,21,1577.19,29.63,0.213333333,2/16/2023,,,,,,,,
ORD01290,Fruits & Veggies,Organic Fruits,West,Ongole,Andhra Pradesh,5316,3438.25,21,1877.75,35.32,0.176666667,11/4/2024,,,,,,,,
ORD01291,Snacks,Chocolates,South,Nelluru,Andhra Pradesh,5301,3794.47,21,1506.53,28.42,0.253333333,1/21/2024,,,,,,,,
ORD01292,Oil & Masala,Masalas,South,Anathapuram,Andhra Pradesh,5300,3898.26,21,1401.74,26.45,0.176666667,3/28/2022,,,,,,,,
ORD01293,Beverages,Health Drinks,South,Kadiri,Andhra Pradesh,5300,4157.32,21,1142.68,21.56,0.2625,9/10/2024,,,,,,,,
ORD01294,Bakery,Cakes,South,Krishnagiri,Andhra Pradesh,5298,4274.73,21,1023.27,19.31,0.236666667,12/25/2022,,,,,,,,
ORD01295,Food Grains,Dals & Pulses,Central,Nandyal,Andhra Pradesh,5298,3725.47,21,1572.53,29.68,0.23,3/22/2023,,,,,,,,
ORD01296,"Eggs, Meat & Fish",Chicken,West,Ongole,Andhra Pradesh,5292,4369.93,21,922.07,17.42,0.2725,9/30/2023,,,,,,,,
ORD01297,Snacks,Noodles,West,Markapur,Andhra Pradesh,5289,4253.04,21,1035.96,19.59,0.2175,7/6/2024,,,,,,,,
ORD01298,Bakery,Biscuits,East,Kanyakumari,Andhra Pradesh,5287,3635.85,21,1651.15,31.23,0.2775,2/5/2024,,,,,,,,
ORD01299,Snacks,Noodles,South,Ballari,Andhra Pradesh,5286,4785.57,21,500.43,9.47,0.136666667,2/23/2023,,,,,,,,
ORD01300,Bakery,Breads & Buns,East,Prakasham,Andhra Pradesh,5286,3646.56,21,1639.44,31.01,0.245,9/5/2022,,,,,,,,
ORD01301,Oil & Masala,Edible Oil & Ghee,South,Nelluru,Andhra Pradesh,5283,4368.61,21,914.39,17.31,0.19,8/1/2023,,,,,,,,
ORD01302,Fruits & Veggies,Fresh Fruits,South,Guntur,Andhra Pradesh,5281,3747.83,21,1533.17,29.03,0.16,3/13/2023,,,,,,,,
ORD01303,Fruits & Veggies,Fresh Vegetables,West,Nelluru,Andhra Pradesh,5281,3693.58,21,1587.42,30.06,0.21,9/14/2023,,,,,,,,
ORD01304,Oil & Masala,Masalas,South,Adoni,Andhra Pradesh,5281,4278.31,21,1002.69,18.99,0.245,9/22/2023,,,,,,,,
ORD01305,Food Grains,Organic Staples,West,Guntur,Andhra Pradesh,5280,3652.79,21,1627.21,30.82,0.26,5/22/2022,,,,,,,,
ORD01306,"Eggs, Meat & Fish",Mutton,South,Visakhapatnam,Andhra Pradesh,5269,3899.51,21,1369.49,25.99,0.186666667,9/16/2023,,,,,,,,
ORD01307,Fruits & Veggies,Organic Vegetables,East,Kodmur,Andhra Pradesh,5269,4114.68,21,1154.32,21.91,0.26,5/14/2022,,,,,,,,
ORD01308,Food Grains,Atta & Flour,Central,Vizag,Andhra Pradesh,5267,3623.71,21,1643.29,31.2,0.25,2/21/2024,,,,,,,,
ORD01309,Snacks,Noodles,South,Eluru,Andhra Pradesh,5263,3762.42,21,1500.58,28.51,0.24,12/25/2024,,,,,,,,
ORD01310,Bakery,Biscuits,South,Kurnool,Andhra Pradesh,5249,3798.51,21,1450.49,27.63,0.2525,7/7/2022,,,,,,,,
ORD01311,Food Grains,Dals & Pulses,South,Kadiri,Andhra Pradesh,5241,3680.43,21,1560.57,29.78,0.24,10/4/2022,,,,,,,,
ORD01312,"Eggs, Meat & Fish",Fish,Central,Dharmavaram,Andhra Pradesh,5240,3863.08,21,1376.92,26.28,0.285,4/11/2023,,,,,,,,
ORD01313,Snacks,Noodles,East,Markapur,Andhra Pradesh,5238,3538.79,21,1699.21,32.44,0.198,4/2/2023,,,,,,,,
ORD01314,Oil & Masala,Masalas,Central,Vellore,Andhra Pradesh,5227,4250.35,21,976.65,18.68,0.1775,7/6/2023,,,,,,,,
ORD01315,Food Grains,Atta & Flour,South,Viluppuram,Andhra Pradesh,5218,4597.82,21,620.18,11.89,0.326666667,7/8/2024,,,,,,,,
ORD01316,"Eggs, Meat & Fish",Fish,West,Visakhapatnam,Andhra Pradesh,5218,3580.45,21,1637.55,31.38,0.215,9/5/2022,,,,,,,,
ORD01317,"Eggs, Meat & Fish",Chicken,Central,Eluru,Andhra Pradesh,5207,4613.82,21,593.18,11.39,0.183333333,7/19/2023,,,,,,,,
ORD01318,Oil & Masala,Edible Oil & Ghee,West,Kodmur,Andhra Pradesh,5178,4302.89,21,875.11,16.9,0.1925,7/16/2022,,,,,,,,
ORD01319,"Eggs, Meat & Fish",Chicken,East,Eluru,Andhra Pradesh,5178,3926.78,21,1251.22,24.16,0.23,9/9/2022,,,,,,,,
ORD01320,"Eggs, Meat & Fish",Mutton,East,Nelluru,Andhra Pradesh,5170,4155.8,21,1014.2,19.62,0.225,5/27/2022,,,,,,,,
ORD01321,Food Grains,Dals & Pulses,Central,Krishnagiri,Andhra Pradesh,5159,3709.09,21,1449.91,28.1,0.21,3/18/2023,,,,,,,,
ORD01322,Food Grains,Organic Staples,East,Thanda,Andhra Pradesh,5154,4050.26,21,1103.74,21.42,0.255,12/2/2024,,,,,,,,
ORD01323,Fruits & Veggies,Organic Vegetables,South,Ballari,Andhra Pradesh,5152,3444.68,21,1707.32,33.14,0.256666667,3/17/2024,,,,,,,,
ORD01324,Bakery,Biscuits,South,Kodmur,Andhra Pradesh,5147,3857.4,21,1289.6,25.06,0.2225,10/23/2024,,,,,,,,
ORD01325,Bakery,Breads & Buns,East,Dharmavaram,Andhra Pradesh,5145,3492.86,21,1652.14,32.11,0.22,12/1/2022,,,,,,,,
ORD01326,Food Grains,Dals & Pulses,East,Thanda,Andhra Pradesh,5143,3891.04,21,1251.96,24.34,0.14,9/20/2024,,,,,,,,
ORD01327,Oil & Masala,Edible Oil & Ghee,Central,Markapur,Andhra Pradesh,5141,4638.78,21,502.22,9.77,0.29,1/5/2022,,,,,,,,
ORD01328,Food Grains,Atta & Flour,South,Krishnagiri,Andhra Pradesh,5139,3398.06,21,1740.94,33.88,0.25,9/19/2023,,,,,,,,
ORD01329,Fruits & Veggies,Fresh Fruits,South,Krishnagiri,Andhra Pradesh,5137,3607.34,21,1529.66,29.78,0.2875,10/17/2024,,,,,,,,
ORD01330,Bakery,Biscuits,East,Dharmavaram,Andhra Pradesh,5134,3886.49,21,1247.51,24.3,0.1625,6/5/2023,,,,,,,,
ORD01331,"Eggs, Meat & Fish",Eggs,West,Nelluru,Andhra Pradesh,5124,3198.6,20,1925.4,37.58,0.156666667,1/22/2023,,,,,,,,
ORD01332,Food Grains,Rice,West,Ballari,Andhra Pradesh,5121,3820.98,20,1300.02,25.39,0.193333333,6/5/2022,,,,,,,,
ORD01333,"Eggs, Meat & Fish",Fish,South,Markapur,Andhra Pradesh,5121,4136.04,20,984.96,19.23,0.284,8/5/2022,,,,,,,,
ORD01334,Fruits & Veggies,Fresh Vegetables,Central,Krishnagiri,Andhra Pradesh,5116,3957.78,20,1158.22,22.64,0.2575,6/8/2022,,,,,,,,
ORD01335,Oil & Masala,Edible Oil & Ghee,West,Visakhapatnam,Andhra Pradesh,5114,3636,20,1478,28.9,0.212,2/13/2024,,,,,,,,
ORD01336,"Eggs, Meat & Fish",Fish,East,Eluru,Andhra Pradesh,5111,3534.85,20,1576.15,30.84,0.25,12/13/2023,,,,,,,,
ORD01337,Beverages,Health Drinks,South,Vizag,Andhra Pradesh,5101,3757.73,20,1343.27,26.33,0.3,1/30/2022,,,,,,,,
ORD01338,"Eggs, Meat & Fish",Chicken,West,Krishnagiri,Andhra Pradesh,5101,3746.05,20,1354.95,26.56,0.263333333,9/11/2022,,,,,,,,
ORD01339,Food Grains,Atta & Flour,West,Ballari,Andhra Pradesh,5096,4416.68,20,679.32,13.33,0.183333333,9/26/2023,,,,,,,,
ORD01340,Bakery,Biscuits,West,Viluppuram,Andhra Pradesh,5095,3575.49,20,1519.51,29.82,0.23,12/23/2022,,,,,,,,
ORD01341,Fruits & Veggies,Fresh Vegetables,Central,Adoni,Andhra Pradesh,5094,4253.8,20,840.2,16.49,0.22,6/24/2023,,,,,,,,
ORD01342,Fruits & Veggies,Organic Fruits,Central,Krishnagiri,Andhra Pradesh,5093,4010.22,20,1082.78,21.26,0.193333333,2/21/2024,,,,,,,,
ORD01343,Snacks,Noodles,South,Prakasham,Andhra Pradesh,5091,3559.23,20,1531.77,30.09,0.286666667,8/27/2024,,,,,,,,
ORD01344,Food Grains,Rice,Central,Ballari,Andhra Pradesh,5076,3687.56,20,1388.44,27.35,0.1775,8/16/2024,,,,,,,,
ORD01345,Snacks,Cookies,West,Eluru,Andhra Pradesh,5076,3847.27,20,1228.73,24.21,0.193333333,11/12/2023,,,,,,,,
ORD01346,Fruits & Veggies,Organic Vegetables,Central,Dhone,Andhra Pradesh,5071,3312.88,20,1758.12,34.67,0.153333333,1/6/2024,,,,,,,,
ORD01347,Fruits & Veggies,Organic Vegetables,Central,Eluru,Andhra Pradesh,5071,4247.83,20,823.17,16.23,0.326666667,9/17/2023,,,,,,,,
ORD01348,Bakery,Breads & Buns,South,Eluru,Andhra Pradesh,5070,3416.73,20,1653.27,32.61,0.203333333,11/24/2023,,,,,,,,
ORD01349,"Eggs, Meat & Fish",Fish,Central,Cumbum,Andhra Pradesh,5069,3418.99,20,1650.01,32.55,0.258,4/29/2023,,,,,,,,
ORD01350,Food Grains,Dals & Pulses,East,Krishnagiri,Andhra Pradesh,5066,3561.29,20,1504.71,29.7,0.176666667,6/5/2024,,,,,,,,
ORD01351,Oil & Masala,Spices,East,Adoni,Andhra Pradesh,5062,3323.01,20,1738.99,34.35,0.205,3/10/2022,,,,,,,,
ORD01352,Bakery,Cakes,East,Ongole,Andhra Pradesh,5060,3569.24,20,1490.76,29.46,0.226666667,1/27/2022,,,,,,,,
ORD01353,Food Grains,Dals & Pulses,West,Thanda,Andhra Pradesh,5055,3851.75,20,1203.25,23.8,0.224,3/8/2023,,,,,,,,
ORD01354,"Eggs, Meat & Fish",Chicken,East,Cumbum,Andhra Pradesh,5053,4464.62,20,588.38,11.64,0.2225,9/6/2024,,,,,,,,
ORD01355,"Eggs, Meat & Fish",Eggs,West,Kadiri,Andhra Pradesh,5049,3633.23,20,1415.77,28.04,0.263333333,7/1/2024,,,,,,,,
ORD01356,Snacks,Chocolates,East,Markapur,Andhra Pradesh,5043,3575.32,20,1467.68,29.1,0.28,12/4/2023,,,,,,,,
ORD01357,"Eggs, Meat & Fish",Eggs,Central,Ongole,Andhra Pradesh,5039,3499.13,20,1539.87,30.56,0.205,2/13/2023,,,,,,,,
ORD01358,"Eggs, Meat & Fish",Fish,Central,Dhone,Andhra Pradesh,5039,3418.46,20,1620.54,32.16,0.243333333,11/6/2022,,,,,,,,
ORD01359,Food Grains,Dals & Pulses,Central,Viluppuram,Andhra Pradesh,5034,3957.72,20,1076.28,21.38,0.28,4/17/2022,,,,,,,,
ORD01360,Fruits & Veggies,Fresh Vegetables,South,Nelluru,Andhra Pradesh,5032,3654.61,20,1377.39,27.37,0.2275,3/14/2022,,,,,,,,
ORD01361,Food Grains,Organic Staples,Central,Markapur,Andhra Pradesh,5032,3830.61,20,1201.39,23.88,0.186666667,10/31/2022,,,,,,,,
ORD01362,Fruits & Veggies,Organic Vegetables,West,Kurnool,Andhra Pradesh,5027,4372.28,20,654.72,13.02,0.256666667,3/5/2023,,,,,,,,
ORD01363,Bakery,Cakes,South,Kanyakumari,Andhra Pradesh,5023,3729.55,20,1293.45,25.75,0.253333333,4/27/2024,,,,,,,,
ORD01364,Oil & Masala,Masalas,Central,Guntur,Andhra Pradesh,5018,3331.42,20,1686.58,33.61,0.236666667,9/28/2024,,,,,,,,
ORD01365,Bakery,Biscuits,West,Kurnool,Andhra Pradesh,5015,3793.05,20,1221.95,24.37,0.185,9/28/2023,,,,,,,,
ORD01366,Fruits & Veggies,Fresh Vegetables,South,Guntur,Andhra Pradesh,5012,4175.56,20,836.44,16.69,0.246666667,7/12/2022,,,,,,,,
ORD01367,Bakery,Biscuits,East,Ballari,Andhra Pradesh,5011,4044.25,20,966.75,19.29,0.2475,5/17/2024,,,,,,,,
ORD01368,Beverages,Health Drinks,Central,Dhone,Andhra Pradesh,5011,4016.66,20,994.34,19.84,0.2375,7/26/2022,,,,,,,,
ORD01369,Fruits & Veggies,Organic Vegetables,South,Kadiri,Andhra Pradesh,5007,3709.97,20,1297.03,25.9,0.195,11/3/2022,,,,,,,,
ORD01370,Snacks,Chocolates,West,Dhone,Andhra Pradesh,4993,3464.55,20,1528.45,30.61,0.2125,12/9/2024,,,,,,,,
ORD01371,Bakery,Cakes,East,Eluru,Andhra Pradesh,4990,3694.07,20,1295.93,25.97,0.2625,7/12/2024,,,,,,,,
ORD01372,Bakery,Biscuits,East,Markapur,Andhra Pradesh,4989,3765.67,20,1223.33,24.52,0.196666667,10/22/2023,,,,,,,,
ORD01373,Snacks,Noodles,South,Kanyakumari,Andhra Pradesh,4986,3926.55,20,1059.45,21.25,0.2,5/3/2022,,,,,,,,
ORD01374,Food Grains,Rice,Central,Eluru,Andhra Pradesh,4986,3161.5,20,1824.5,36.59,0.313333333,6/9/2022,,,,,,,,
ORD01375,Snacks,Cookies,West,Nandyal,Andhra Pradesh,4972,3501.78,20,1470.22,29.57,0.1975,2/12/2022,,,,,,,,
ORD01376,Bakery,Breads & Buns,East,Vellore,Andhra Pradesh,4970,4073.71,20,896.29,18.03,0.233333333,9/16/2023,,,,,,,,
ORD01377,"Eggs, Meat & Fish",Eggs,West,Anathapuram,Andhra Pradesh,4963,3517.62,20,1445.38,29.12,0.234,11/14/2024,,,,,,,,
ORD01378,"Eggs, Meat & Fish",Eggs,East,Guntur,Andhra Pradesh,4961,3123.65,20,1837.35,37.04,0.2,5/9/2022,,,,,,,,
ORD01379,Fruits & Veggies,Fresh Vegetables,West,Thanda,Andhra Pradesh,4944,4015.83,20,928.17,18.77,0.22,9/1/2024,,,,,,,,
ORD01380,Oil & Masala,Edible Oil & Ghee,West,Kanyakumari,Andhra Pradesh,4939,3356.19,20,1582.81,32.05,0.186666667,5/18/2024,,,,,,,,
ORD01381,Food Grains,Organic Staples,Central,Dhone,Andhra Pradesh,4931,3496.03,20,1434.97,29.1,0.15,2/4/2022,,,,,,,,
ORD01382,Snacks,Cookies,South,Kurnool,Andhra Pradesh,4924,3656.19,20,1267.81,25.75,0.2,7/16/2023,,,,,,,,
ORD01383,"Eggs, Meat & Fish",Fish,West,Thanda,Andhra Pradesh,4914,3555.49,20,1358.51,27.65,0.233333333,4/6/2024,,,,,,,,
ORD01384,Fruits & Veggies,Fresh Fruits,South,Nelluru,Andhra Pradesh,4912,3691.7,20,1220.3,24.84,0.213333333,12/29/2022,,,,,,,,
ORD01385,Food Grains,Dals & Pulses,Central,Ballari,Andhra Pradesh,4904,4105.85,20,798.15,16.28,0.21,9/26/2023,,,,,,,,
ORD01386,"Eggs, Meat & Fish",Chicken,South,Kurnool,Andhra Pradesh,4904,3461.16,20,1442.84,29.42,0.22,7/22/2022,,,,,,,,
ORD01387,Oil & Masala,Masalas,West,Viluppuram,Andhra Pradesh,4902,3572.72,20,1329.28,27.12,0.28,11/26/2023,,,,,,,,
ORD01388,Food Grains,Dals & Pulses,Central,Dhone,Andhra Pradesh,4900,3453.91,20,1446.09,29.51,0.2125,3/30/2024,,,,,,,,
ORD01389,Fruits & Veggies,Fresh Vegetables,Central,Prakasham,Andhra Pradesh,4896,3630.84,20,1265.16,25.84,0.253333333,8/30/2023,,,,,,,,
ORD01390,Bakery,Biscuits,South,Prakasham,Andhra Pradesh,4895,3321.61,20,1573.39,32.14,0.1875,12/10/2024,,,,,,,,
ORD01391,Food Grains,Dals & Pulses,South,Vizag,Andhra Pradesh,4893,3864.54,20,1028.46,21.02,0.2075,12/25/2022,,,,,,,,
ORD01392,Food Grains,Organic Staples,South,Adoni,Andhra Pradesh,4891,3014.65,20,1876.35,38.36,0.27,8/22/2024,,,,,,,,
ORD01393,Snacks,Noodles,West,Nelluru,Andhra Pradesh,4886,3707.51,20,1178.49,24.12,0.2125,11/13/2024,,,,,,,,
ORD01394,Bakery,Biscuits,South,Cumbum,Andhra Pradesh,4877,3707.38,20,1169.62,23.98,0.265,1/11/2023,,,,,,,,
ORD01395,"Eggs, Meat & Fish",Fish,East,Thanda,Andhra Pradesh,4871,2825.18,19,2045.82,42,0.275,12/24/2024,,,,,,,,
ORD01396,Fruits & Veggies,Organic Fruits,Central,Guntur,Andhra Pradesh,4868,3545.22,19,1322.78,27.17,0.283333333,3/12/2022,,,,,,,,
ORD01397,Fruits & Veggies,Fresh Vegetables,Central,Viluppuram,Andhra Pradesh,4864,4013.57,19,850.43,17.48,0.22,10/10/2023,,,,,,,,
ORD01398,Snacks,Chocolates,South,Kadiri,Andhra Pradesh,4864,3601.57,19,1262.43,25.95,0.16,5/21/2023,,,,,,,,
ORD01399,Food Grains,Dals & Pulses,West,Adoni,Andhra Pradesh,4863,3866.26,19,996.74,20.5,0.1575,4/22/2024,,,,,,,,
ORD01400,Fruits & Veggies,Organic Fruits,South,Markapur,Andhra Pradesh,4861,3493.47,19,1367.53,28.13,0.26,8/16/2023,,,,,,,,
ORD01401,Bakery,Biscuits,West,Cumbum,Andhra Pradesh,4858,3504.13,19,1353.87,27.87,0.236666667,12/26/2024,,,,,,,,
ORD01402,"Eggs, Meat & Fish",Fish,South,Visakhapatnam,Andhra Pradesh,4856,3847.52,19,1008.48,20.77,0.226666667,4/21/2023,,,,,,,,
ORD01403,Food Grains,Atta & Flour,West,Krishnagiri,Andhra Pradesh,4853,3873.56,19,979.44,20.18,0.212,7/9/2023,,,,,,,,
ORD01404,"Eggs, Meat & Fish",Eggs,Central,Visakhapatnam,Andhra Pradesh,4849,3505.08,19,1343.92,27.72,0.196666667,10/12/2024,,,,,,,,
ORD01405,Fruits & Veggies,Organic Fruits,South,Anathapuram,Andhra Pradesh,4837,3598.92,19,1238.08,25.6,0.24,1/25/2023,,,,,,,,
ORD01406,Bakery,Cakes,East,Ballari,Andhra Pradesh,4827,3859.55,19,967.45,20.04,0.2275,8/2/2024,,,,,,,,
ORD01407,Fruits & Veggies,Fresh Fruits,West,Thanda,Andhra Pradesh,4825,3473.42,19,1351.58,28.01,0.266,12/2/2024,,,,,,,,
ORD01408,Food Grains,Rice,Central,Viluppuram,Andhra Pradesh,4821,3843.43,19,977.57,20.28,0.236666667,2/23/2024,,,,,,,,
ORD01409,Oil & Masala,Masalas,East,Kadiri,Andhra Pradesh,4813,3547.76,19,1265.24,26.29,0.23,6/28/2023,,,,,,,,
ORD01410,"Eggs, Meat & Fish",Eggs,West,Guntur,Andhra Pradesh,4807,3765.96,19,1041.04,21.66,0.2775,5/1/2023,,,,,,,,
ORD01411,Food Grains,Dals & Pulses,Central,Kadiri,Andhra Pradesh,4801,3605.04,19,1195.96,24.91,0.263333333,2/5/2022,,,,,,,,
ORD01412,Bakery,Cakes,Central,Kurnool,Andhra Pradesh,4797,3396.94,19,1400.06,29.19,0.203333333,2/3/2023,,,,,,,,
ORD01413,Food Grains,Rice,East,Visakhapatnam,Andhra Pradesh,4792,3426.4,19,1365.6,28.5,0.283333333,5/24/2024,,,,,,,,
ORD01414,Bakery,Cakes,East,Visakhapatnam,Andhra Pradesh,4791,3725.23,19,1065.77,22.25,0.2875,7/29/2023,,,,,,,,
ORD01415,Snacks,Noodles,South,Thanda,Andhra Pradesh,4785,3575.11,19,1209.89,25.29,0.19,12/25/2024,,,,,,,,
ORD01416,Food Grains,Rice,East,Adoni,Andhra Pradesh,4782,3411.22,19,1370.78,28.67,0.1875,11/1/2022,,,,,,,,
ORD01417,Fruits & Veggies,Fresh Vegetables,East,Kanyakumari,Andhra Pradesh,4774,3932.62,19,841.38,17.62,0.183333333,1/21/2023,,,,,,,,
ORD01418,Food Grains,Organic Staples,Central,Visakhapatnam,Andhra Pradesh,4768,3901.54,19,866.46,18.17,0.235,4/4/2024,,,,,,,,
ORD01419,Food Grains,Dals & Pulses,East,Cumbum,Andhra Pradesh,4752,3057.82,19,1694.18,35.65,0.2725,12/18/2022,,,,,,,,
ORD01420,Oil & Masala,Spices,Central,Anathapuram,Andhra Pradesh,4750,4146.14,19,603.86,12.71,0.206666667,8/7/2022,,,,,,,,
ORD01421,Fruits & Veggies,Organic Vegetables,East,Anathapuram,Andhra Pradesh,4748,3462.05,19,1285.95,27.08,0.225,6/25/2023,,,,,,,,
ORD01422,"Eggs, Meat & Fish",Eggs,Central,Vellore,Andhra Pradesh,4748,4344.64,19,403.36,8.5,0.21,2/11/2023,,,,,,,,
ORD01423,"Eggs, Meat & Fish",Eggs,South,Kanyakumari,Andhra Pradesh,4747,4367.24,19,379.76,8,0.24,11/22/2024,,,,,,,,
ORD01424,Food Grains,Organic Staples,South,Nelluru,Andhra Pradesh,4746,2988.47,19,1757.53,37.03,0.266666667,4/28/2022,,,,,,,,
ORD01425,Snacks,Chocolates,South,Nandyal,Andhra Pradesh,4744,3428.63,19,1315.37,27.73,0.18,4/23/2023,,,,,,,,
ORD01426,Oil & Masala,Spices,South,Ongole,Andhra Pradesh,4736,3393.12,19,1342.88,28.35,0.21,3/20/2022,,,,,,,,
ORD01427,Fruits & Veggies,Organic Fruits,East,Thanda,Andhra Pradesh,4735,3735.32,19,999.68,21.11,0.185,9/16/2024,,,,,,,,
ORD01428,Oil & Masala,Spices,West,Kodmur,Andhra Pradesh,4732,3066.16,19,1665.84,35.2,0.28,6/30/2022,,,,,,,,
ORD01429,Oil & Masala,Edible Oil & Ghee,Central,Ramanadhapuram,Andhra Pradesh,4731,3324.54,19,1406.46,29.73,0.2325,1/18/2022,,,,,,,,
ORD01430,Fruits & Veggies,Fresh Fruits,South,Anathapuram,Andhra Pradesh,4727,3667.42,19,1059.58,22.42,0.17,3/3/2022,,,,,,,,
ORD01431,Bakery,Cakes,Central,Ramanadhapuram,Andhra Pradesh,4721,3205.15,19,1515.85,32.11,0.17,2/9/2023,,,,,,,,
ORD01432,"Eggs, Meat & Fish",Eggs,Central,Kanyakumari,Andhra Pradesh,4718,3982.83,19,735.17,15.58,0.2025,1/5/2022,,,,,,,,
ORD01433,Food Grains,Rice,Central,Markapur,Andhra Pradesh,4715,3750.96,19,964.04,20.45,0.193333333,8/12/2024,,,,,,,,
ORD01434,Fruits & Veggies,Fresh Vegetables,West,Guntur,Andhra Pradesh,4709,3198.81,19,1510.19,32.07,0.2425,12/27/2022,,,,,,,,
ORD01435,Oil & Masala,Masalas,West,Vellore,Andhra Pradesh,4709,3741,19,968,20.56,0.233333333,1/27/2024,,,,,,,,
ORD01436,Food Grains,Rice,South,Ongole,Andhra Pradesh,4701,3125.92,19,1575.08,33.51,0.17,3/1/2023,,,,,,,,
ORD01437,Fruits & Veggies,Fresh Vegetables,South,Vizag,Andhra Pradesh,4698,3161.13,19,1536.87,32.71,0.21,5/7/2023,,,,,,,,
ORD01438,Snacks,Noodles,South,Vellore,Andhra Pradesh,4698,3503.83,19,1194.17,25.42,0.226666667,12/3/2024,,,,,,,,
ORD01439,"Eggs, Meat & Fish",Fish,South,Viluppuram,Andhra Pradesh,4697,3484.68,19,1212.32,25.81,0.29,4/25/2023,,,,,,,,
ORD01440,"Eggs, Meat & Fish",Chicken,East,Thanda,Andhra Pradesh,4691,3108.62,19,1582.38,33.73,0.256666667,10/4/2023,,,,,,,,
ORD01441,Bakery,Breads & Buns,West,Viluppuram,Andhra Pradesh,4691,3338.65,19,1352.35,28.83,0.2825,6/21/2024,,,,,,,,
ORD01442,"Eggs, Meat & Fish",Fish,Central,Anathapuram,Andhra Pradesh,4691,3933.16,19,757.84,16.16,0.196666667,12/4/2024,,,,,,,,
ORD01443,"Eggs, Meat & Fish",Chicken,South,Ballari,Andhra Pradesh,4684,3674.8,19,1009.2,21.55,0.293333333,3/26/2022,,,,,,,,
ORD01444,Fruits & Veggies,Fresh Fruits,East,Thanda,Andhra Pradesh,4682,3858.45,19,823.55,17.59,0.2175,12/25/2022,,,,,,,,
ORD01445,Bakery,Cakes,South,Kodmur,Andhra Pradesh,4681,3320.34,19,1360.66,29.07,0.153333333,12/14/2022,,,,,,,,
ORD01446,"Eggs, Meat & Fish",Fish,East,Nandyal,Andhra Pradesh,4675,3400.87,19,1274.13,27.25,0.195,8/18/2023,,,,,,,,
ORD01447,Fruits & Veggies,Fresh Vegetables,East,Ramanadhapuram,Andhra Pradesh,4670,3671.72,19,998.28,21.38,0.27,2/23/2022,,,,,,,,
ORD01448,Oil & Masala,Spices,South,Vizag,Andhra Pradesh,4669,3694.26,19,974.74,20.88,0.24,5/6/2024,,,,,,,,
ORD01449,"Eggs, Meat & Fish",Mutton,East,Dhone,Andhra Pradesh,4667,3755.83,19,911.17,19.52,0.2225,2/1/2022,,,,,,,,
ORD01450,Snacks,Cookies,South,Nelluru,Andhra Pradesh,4659,3728.93,19,930.07,19.96,0.175,12/11/2024,,,,,,,,
ORD01451,Fruits & Veggies,Fresh Vegetables,West,Vizag,Andhra Pradesh,4659,3498.17,19,1160.83,24.92,0.186666667,11/5/2024,,,,,,,,
ORD01452,Food Grains,Organic Staples,Central,Guntur,Andhra Pradesh,4649,4042.18,19,606.82,13.05,0.243333333,6/26/2024,,,,,,,,
ORD01453,Snacks,Noodles,West,Ramanadhapuram,Andhra Pradesh,4644,3923.04,19,720.96,15.52,0.194,1/23/2023,,,,,,,,
ORD01454,Beverages,Soft Drinks,Central,Kodmur,Andhra Pradesh,4636,3405.91,19,1230.09,26.53,0.19,12/16/2022,,,,,,,,
ORD01455,"Eggs, Meat & Fish",Chicken,Central,Guntur,Andhra Pradesh,4635,3018.14,19,1616.86,34.88,0.1675,5/28/2022,,,,,,,,
ORD01456,Oil & Masala,Masalas,South,Eluru,Andhra Pradesh,4631,3110.58,19,1520.42,32.83,0.265,9/18/2022,,,,,,,,
ORD01457,Fruits & Veggies,Organic Vegetables,West,Kodmur,Andhra Pradesh,4625,3865.78,18,759.22,16.42,0.263333333,12/3/2024,,,,,,,,
ORD01458,Bakery,Biscuits,South,Ballari,Andhra Pradesh,4625,3195.97,18,1429.03,30.9,0.21,9/21/2022,,,,,,,,
ORD01459,Food Grains,Organic Staples,South,Ramanadhapuram,Andhra Pradesh,4622,4116.79,18,505.21,10.93,0.243333333,11/12/2024,,,,,,,,
ORD01460,Fruits & Veggies,Organic Fruits,West,Kurnool,Andhra Pradesh,4622,3476.75,18,1145.25,24.78,0.2425,1/23/2024,,,,,,,,
ORD01461,"Eggs, Meat & Fish",Chicken,West,Viluppuram,Andhra Pradesh,4617,3616.79,18,1000.21,21.66,0.266666667,5/10/2024,,,,,,,,
ORD01462,Bakery,Breads & Buns,Central,Dharmavaram,Andhra Pradesh,4617,3596.16,18,1020.84,22.11,0.32,3/19/2024,,,,,,,,
ORD01463,Bakery,Biscuits,Central,Dharmavaram,Andhra Pradesh,4616,3539.84,18,1076.16,23.31,0.326666667,3/10/2022,,,,,,,,
ORD01464,Oil & Masala,Edible Oil & Ghee,South,Kadiri,Andhra Pradesh,4615,3508.51,18,1106.49,23.98,0.223333333,7/28/2023,,,,,,,,
ORD01465,Bakery,Biscuits,South,Guntur,Andhra Pradesh,4607,3785.56,18,821.44,17.83,0.27,10/19/2022,,,,,,,,
ORD01466,Bakery,Breads & Buns,South,Guntur,Andhra Pradesh,4604,4019.94,18,584.06,12.69,0.2125,1/2/2024,,,,,,,,
ORD01467,"Eggs, Meat & Fish",Chicken,West,Thanda,Andhra Pradesh,4596,3577.19,18,1018.81,22.17,0.233333333,6/16/2024,,,,,,,,
ORD01468,Fruits & Veggies,Fresh Fruits,South,Vellore,Andhra Pradesh,4588,3283.87,18,1304.13,28.42,0.17,12/18/2022,,,,,,,,
ORD01469,"Eggs, Meat & Fish",Mutton,East,Adoni,Andhra Pradesh,4582,3527.37,18,1054.63,23.02,0.23,6/18/2023,,,,,,,,
ORD01470,Snacks,Chocolates,South,Cumbum,Andhra Pradesh,4581,3662.64,18,918.36,20.05,0.23,3/15/2023,,,,,,,,
ORD01471,Fruits & Veggies,Organic Fruits,East,Ongole,Andhra Pradesh,4581,3522.72,18,1058.28,23.1,0.222,6/21/2024,,,,,,,,
ORD01472,Bakery,Cakes,South,Thanda,Andhra Pradesh,4572,4208.9,18,363.1,7.94,0.196666667,8/22/2023,,,,,,,,
ORD01473,Snacks,Chocolates,South,Visakhapatnam,Andhra Pradesh,4572,3198.14,18,1373.86,30.05,0.18,11/25/2023,,,,,,,,
ORD01474,Food Grains,Rice,East,Vizag,Andhra Pradesh,4571,2902,18,1669,36.51,0.13,2/20/2024,,,,,,,,
ORD01475,Snacks,Noodles,South,Ramanadhapuram,Andhra Pradesh,4567,3009.48,18,1557.52,34.1,0.175,8/13/2024,,,,,,,,
ORD01476,Fruits & Veggies,Organic Vegetables,Central,Vizag,Andhra Pradesh,4562,3377.62,18,1184.38,25.96,0.18,6/16/2024,,,,,,,,
ORD01477,Snacks,Cookies,Central,Adoni,Andhra Pradesh,4560,3042.82,18,1517.18,33.27,0.17,6/19/2022,,,,,,,,
ORD01478,Bakery,Biscuits,East,Vizag,Andhra Pradesh,4548,3142.57,18,1405.43,30.9,0.216666667,10/31/2023,,,,,,,,
ORD01479,Oil & Masala,Spices,East,Viluppuram,Andhra Pradesh,4541,4029.02,18,511.98,11.27,0.25,7/31/2022,,,,,,,,
ORD01480,Fruits & Veggies,Fresh Fruits,Central,Ramanadhapuram,Andhra Pradesh,4537,3744.11,18,792.89,17.48,0.242,12/21/2022,,,,,,,,
ORD01481,Fruits & Veggies,Fresh Fruits,Central,Prakasham,Andhra Pradesh,4535,3264.92,18,1270.08,28.01,0.233333333,12/29/2022,,,,,,,,
ORD01482,Fruits & Veggies,Organic Fruits,Central,Ramanadhapuram,Andhra Pradesh,4530,3157.6,18,1372.4,30.3,0.276666667,5/28/2022,,,,,,,,
ORD01483,"Eggs, Meat & Fish",Mutton,Central,Ongole,Andhra Pradesh,4528,3150.49,18,1377.51,30.42,0.26,5/8/2024,,,,,,,,
ORD01484,Bakery,Cakes,Central,Ballari,Andhra Pradesh,4519,3161.13,18,1357.87,30.05,0.215,9/16/2022,,,,,,,,
ORD01485,Snacks,Noodles,South,Dhone,Andhra Pradesh,4518,3601.96,18,916.04,20.28,0.273333333,3/12/2022,,,,,,,,
ORD01486,Bakery,Cakes,South,Prakasham,Andhra Pradesh,4514,3733.85,18,780.15,17.28,0.23,1/20/2024,,,,,,,,
ORD01487,Fruits & Veggies,Fresh Fruits,East,Visakhapatnam,Andhra Pradesh,4509,3722.34,18,786.66,17.45,0.216,11/23/2024,,,,,,,,
ORD01488,Fruits & Veggies,Organic Vegetables,East,Adoni,Andhra Pradesh,4505,3587.54,18,917.46,20.37,0.248,2/28/2023,,,,,,,,
ORD01489,"Eggs, Meat & Fish",Chicken,East,Vellore,Andhra Pradesh,4501,2893.82,18,1607.18,35.71,0.2375,12/12/2022,,,,,,,,
ORD01490,Bakery,Breads & Buns,Central,Kadiri,Andhra Pradesh,4497,3940.98,18,556.02,12.36,0.296666667,6/15/2023,,,,,,,,
ORD01491,Food Grains,Organic Staples,South,Markapur,Andhra Pradesh,4496,3505.2,18,990.8,22.04,0.316666667,11/9/2024,,,,,,,,
ORD01492,Snacks,Cookies,West,Krishnagiri,Andhra Pradesh,4496,3556.5,18,939.5,20.9,0.23,2/20/2023,,,,,,,,
ORD01493,Fruits & Veggies,Fresh Vegetables,Central,Cumbum,Andhra Pradesh,4494,3516.54,18,977.46,21.75,0.19,10/14/2023,,,,,,,,
ORD01494,Fruits & Veggies,Fresh Fruits,West,Guntur,Andhra Pradesh,4483,3565.32,18,917.68,20.47,0.27,7/28/2024,,,,,,,,
ORD01495,Food Grains,Dals & Pulses,East,Vizag,Andhra Pradesh,4483,3280.14,18,1202.86,26.83,0.18,2/4/2024,,,,,,,,
ORD01496,Bakery,Breads & Buns,East,Kadiri,Andhra Pradesh,4482,3419.64,18,1062.36,23.7,0.243333333,7/27/2022,,,,,,,,
ORD01497,Snacks,Noodles,South,Vizag,Andhra Pradesh,4479,3482.62,18,996.38,22.25,0.216666667,1/14/2024,,,,,,,,
ORD01498,Bakery,Biscuits,East,Ramanadhapuram,Andhra Pradesh,4466,3505.43,18,960.57,21.51,0.25,10/1/2024,,,,,,,,
ORD01499,Oil & Masala,Edible Oil & Ghee,East,Guntur,Andhra Pradesh,4457,3902.75,18,554.25,12.44,0.25,6/8/2022,,,,,,,,
ORD01500,"Eggs, Meat & Fish",Fish,Central,Ballari,Andhra Pradesh,4451,2796.61,18,1654.39,37.17,0.2575,11/3/2024,,,,,,,,
ORD01501,Fruits & Veggies,Organic Fruits,East,Kanyakumari,Andhra Pradesh,4446,3203.4,18,1242.6,27.95,0.23,6/28/2023,,,,,,,,
ORD01502,Snacks,Cookies,West,Ramanadhapuram,Andhra Pradesh,4445,3425.47,18,1019.53,22.94,0.32,12/16/2024,,,,,,,,
ORD01503,Fruits & Veggies,Organic Fruits,East,Nelluru,Andhra Pradesh,4443,3153.04,18,1289.96,29.03,0.213333333,8/15/2023,,,,,,,,
ORD01504,Oil & Masala,Spices,East,Cumbum,Andhra Pradesh,4436,3285.79,18,1150.21,25.93,0.18,3/11/2023,,,,,,,,
ORD01505,Food Grains,Dals & Pulses,West,Guntur,Andhra Pradesh,4424,3309.53,18,1114.47,25.19,0.216666667,2/14/2024,,,,,,,,
ORD01506,Oil & Masala,Spices,Central,Guntur,Andhra Pradesh,4421,3247.86,18,1173.14,26.54,0.2,11/10/2023,,,,,,,,
ORD01507,Bakery,Biscuits,South,Anathapuram,Andhra Pradesh,4417,2960.79,18,1456.21,32.97,0.2,3/26/2022,,,,,,,,
ORD01508,Fruits & Veggies,Organic Fruits,Central,Dharmavaram,Andhra Pradesh,4416,2854.27,18,1561.73,35.37,0.22,12/10/2024,,,,,,,,
ORD01509,Snacks,Cookies,South,Ongole,Andhra Pradesh,4415,2637.58,18,1777.42,40.26,0.316666667,2/3/2024,,,,,,,,
ORD01510,"Eggs, Meat & Fish",Fish,West,Kanyakumari,Andhra Pradesh,4411,2990.49,18,1420.51,32.2,0.223333333,8/14/2024,,,,,,,,
ORD01511,Snacks,Chocolates,South,Prakasham,Andhra Pradesh,4407,3107.79,18,1299.21,29.48,0.16,3/27/2022,,,,,,,,
ORD01512,Oil & Masala,Edible Oil & Ghee,East,Dhone,Andhra Pradesh,4405,3437.51,18,967.49,21.96,0.213333333,11/16/2024,,,,,,,,
ORD01513,Fruits & Veggies,Organic Vegetables,East,Guntur,Andhra Pradesh,4402,3106.22,18,1295.78,29.44,0.253333333,4/11/2023,,,,,,,,
ORD01514,Oil & Masala,Edible Oil & Ghee,South,Eluru,Andhra Pradesh,4401,3406.44,18,994.56,22.6,0.213333333,11/12/2022,,,,,,,,
ORD01515,Oil & Masala,Masalas,East,Thanda,Andhra Pradesh,4400,3150.92,18,1249.08,28.39,0.275,11/8/2022,,,,,,,,
ORD01516,Fruits & Veggies,Organic Fruits,East,Dharmavaram,Andhra Pradesh,4399,3072.41,18,1326.59,30.16,0.1875,3/25/2024,,,,,,,,
ORD01517,Food Grains,Rice,South,Ballari,Andhra Pradesh,4396,3020.47,18,1375.53,31.29,0.2925,9/12/2024,,,,,,,,
ORD01518,Food Grains,Organic Staples,Central,Prakasham,Andhra Pradesh,4389,3757.14,18,631.86,14.4,0.18,2/25/2024,,,,,,,,
ORD01519,Fruits & Veggies,Fresh Vegetables,Central,Kodmur,Andhra Pradesh,4386,3918.81,18,467.19,10.65,0.21,1/28/2023,,,,,,,,
ORD01520,Oil & Masala,Masalas,Central,Krishnagiri,Andhra Pradesh,4370,2447.2,17,1922.8,44,0.165,4/4/2024,,,,,,,,
ORD01521,Snacks,Noodles,South,Adoni,Andhra Pradesh,4369,3782.37,17,586.63,13.43,0.31,9/22/2023,,,,,,,,
ORD01522,"Eggs, Meat & Fish",Eggs,East,Visakhapatnam,Andhra Pradesh,4369,3029.25,17,1339.75,30.66,0.29,6/18/2023,,,,,,,,
ORD01523,Bakery,Cakes,South,Vizag,Andhra Pradesh,4367,3291.81,17,1075.19,24.62,0.133333333,10/6/2023,,,,,,,,
ORD01524,Food Grains,Organic Staples,Central,Ballari,Andhra Pradesh,4364,3328.34,17,1035.66,23.73,0.226666667,12/5/2023,,,,,,,,
ORD01525,Bakery,Cakes,East,Markapur,Andhra Pradesh,4362,3162.74,17,1199.26,27.49,0.283333333,9/6/2024,,,,,,,,
ORD01526,Food Grains,Dals & Pulses,East,Kanyakumari,Andhra Pradesh,4361,2973.43,17,1387.57,31.82,0.23,12/16/2024,,,,,,,,
ORD01527,Bakery,Cakes,East,Guntur,Andhra Pradesh,4360,3818.4,17,541.6,12.42,0.195,12/2/2024,,,,,,,,
ORD01528,Fruits & Veggies,Fresh Fruits,Central,Guntur,Andhra Pradesh,4356,3045.95,17,1310.05,30.07,0.243333333,1/3/2024,,,,,,,,
ORD01529,Oil & Masala,Edible Oil & Ghee,Central,Kurnool,Andhra Pradesh,4350,2958.86,17,1391.14,31.98,0.235,10/24/2023,,,,,,,,
ORD01530,Food Grains,Organic Staples,Central,Nandyal,Andhra Pradesh,4344,3533.58,17,810.42,18.66,0.2,4/15/2024,,,,,,,,
ORD01531,Oil & Masala,Masalas,Central,Ongole,Andhra Pradesh,4342,3359.87,17,982.13,22.62,0.26,1/23/2024,,,,,,,,
ORD01532,Snacks,Cookies,East,Thanda,Andhra Pradesh,4340,3204.28,17,1135.72,26.17,0.28,3/25/2022,,,,,,,,
ORD01533,Food Grains,Organic Staples,West,Ongole,Andhra Pradesh,4336,3606.15,17,729.85,16.83,0.292,3/20/2023,,,,,,,,
ORD01534,"Eggs, Meat & Fish",Eggs,West,Dharmavaram,Andhra Pradesh,4335,3453.69,17,881.31,20.33,0.196666667,11/8/2024,,,,,,,,
ORD01535,Snacks,Noodles,South,Guntur,Andhra Pradesh,4333,3410.72,17,922.28,21.29,0.116666667,12/14/2024,,,,,,,,
ORD01536,Fruits & Veggies,Fresh Vegetables,West,Kanyakumari,Andhra Pradesh,4332,3619.79,17,712.21,16.44,0.2725,6/14/2023,,,,,,,,
ORD01537,Fruits & Veggies,Fresh Vegetables,East,Vellore,Andhra Pradesh,4321,2990.72,17,1330.28,30.79,0.213333333,11/17/2022,,,,,,,,
ORD01538,Food Grains,Organic Staples,West,Kanyakumari,Andhra Pradesh,4321,3258.05,17,1062.95,24.6,0.2325,4/16/2023,,,,,,,,
ORD01539,"Eggs, Meat & Fish",Fish,Central,Prakasham,Andhra Pradesh,4316,3407.53,17,908.47,21.05,0.193333333,1/3/2023,,,,,,,,
ORD01540,"Eggs, Meat & Fish",Chicken,East,Visakhapatnam,Andhra Pradesh,4313,3689.98,17,623.02,14.45,0.223333333,2/16/2022,,,,,,,,
ORD01541,Oil & Masala,Masalas,West,Vizag,Andhra Pradesh,4311,2693.48,17,1617.52,37.52,0.255,12/15/2024,,,,,,,,
ORD01542,Food Grains,Organic Staples,Central,Vellore,Andhra Pradesh,4311,3199.01,17,1111.99,25.79,0.215,3/8/2022,,,,,,,,
ORD01543,Fruits & Veggies,Fresh Vegetables,Central,Vellore,Andhra Pradesh,4309,3609.55,17,699.45,16.23,0.173333333,1/11/2023,,,,,,,,
ORD01544,Fruits & Veggies,Organic Fruits,Central,Prakasham,Andhra Pradesh,4308,3422.78,17,885.22,20.55,0.245,9/17/2023,,,,,,,,
ORD01545,Oil & Masala,Spices,Central,Cumbum,Andhra Pradesh,4299,3228.11,17,1070.89,24.91,0.135,4/13/2024,,,,,,,,
ORD01546,"Eggs, Meat & Fish",Fish,South,Krishnagiri,Andhra Pradesh,4298,3620.89,17,677.11,15.75,0.233333333,12/26/2024,,,,,,,,
ORD01547,Fruits & Veggies,Organic Fruits,East,Dhone,Andhra Pradesh,4274,3210.28,17,1063.72,24.89,0.2275,2/25/2024,,,,,,,,
ORD01548,Bakery,Breads & Buns,Central,Anathapuram,Andhra Pradesh,4269,3598.68,17,670.32,15.7,0.265,4/11/2024,,,,,,,,
ORD01549,Oil & Masala,Spices,South,Dhone,Andhra Pradesh,4268,3394.6,17,873.4,20.46,0.19,5/29/2024,,,,,,,,
ORD01550,Bakery,Breads & Buns,South,Vellore,Andhra Pradesh,4268,3568.4,17,699.6,16.39,0.213333333,2/12/2024,,,,,,,,
ORD01551,Bakery,Biscuits,South,Dhone,Andhra Pradesh,4265,3741.57,17,523.43,12.27,0.23,6/30/2023,,,,,,,,
ORD01552,Food Grains,Organic Staples,West,Vellore,Andhra Pradesh,4262,2953.22,17,1308.78,30.71,0.25,1/22/2023,,,,,,,,
ORD01553,Oil & Masala,Masalas,West,Nandyal,Andhra Pradesh,4261,3604.29,17,656.71,15.41,0.226666667,2/4/2023,,,,,,,,
ORD01554,Fruits & Veggies,Fresh Fruits,West,Ballari,Andhra Pradesh,4259,3504.41,17,754.59,17.72,0.24,9/1/2022,,,,,,,,
ORD01555,"Eggs, Meat & Fish",Eggs,South,Nelluru,Andhra Pradesh,4257,3118.1,17,1138.9,26.75,0.25,2/8/2022,,,,,,,,
ORD01556,Fruits & Veggies,Fresh Fruits,South,Eluru,Andhra Pradesh,4255,3151.7,17,1103.3,25.93,0.196666667,2/28/2022,,,,,,,,
ORD01557,Bakery,Breads & Buns,South,Kodmur,Andhra Pradesh,4254,3188.51,17,1065.49,25.05,0.3,4/20/2023,,,,,,,,
ORD01558,"Eggs, Meat & Fish",Chicken,West,Guntur,Andhra Pradesh,4251,3248.48,17,1002.52,23.58,0.206666667,2/22/2022,,,,,,,,
ORD01559,Food Grains,Rice,Central,Ongole,Andhra Pradesh,4247,2938.73,17,1308.27,30.8,0.156666667,6/7/2024,,,,,,,,
ORD01560,Fruits & Veggies,Organic Fruits,South,Krishnagiri,Andhra Pradesh,4240,3096.85,17,1143.15,26.96,0.2,1/17/2022,,,,,,,,
ORD01561,Fruits & Veggies,Fresh Fruits,Central,Visakhapatnam,Andhra Pradesh,4236,3092.45,17,1143.55,27,0.206666667,5/7/2022,,,,,,,,
ORD01562,Snacks,Chocolates,Central,Kurnool,Andhra Pradesh,4231,3485.56,17,745.44,17.62,0.253333333,10/17/2024,,,,,,,,
ORD01563,Oil & Masala,Masalas,Central,Nelluru,Andhra Pradesh,4218,3341.91,17,876.09,20.77,0.193333333,7/2/2023,,,,,,,,
ORD01564,"Eggs, Meat & Fish",Fish,Central,Eluru,Andhra Pradesh,4215,2885,17,1330,31.55,0.216666667,11/22/2023,,,,,,,,
ORD01565,Fruits & Veggies,Organic Vegetables,Central,Ramanadhapuram,Andhra Pradesh,4210,3190.48,17,1019.52,24.22,0.21,12/27/2022,,,,,,,,
ORD01566,Snacks,Cookies,East,Krishnagiri,Andhra Pradesh,4206,3501.58,17,704.42,16.75,0.285,5/4/2022,,,,,,,,
ORD01567,Oil & Masala,Spices,West,Ramanadhapuram,Andhra Pradesh,4194,3623.33,17,570.67,13.61,0.145,7/19/2023,,,,,,,,
ORD01568,Bakery,Cakes,East,Prakasham,Andhra Pradesh,4189,3030.07,17,1158.93,27.67,0.283333333,4/22/2024,,,,,,,,
ORD01569,Fruits & Veggies,Organic Vegetables,East,Kadiri,Andhra Pradesh,4185,2952.18,17,1232.82,29.46,0.273333333,6/7/2024,,,,,,,,
ORD01570,Fruits & Veggies,Organic Fruits,South,Visakhapatnam,Andhra Pradesh,4184,3216.04,17,967.96,23.13,0.17,6/5/2024,,,,,,,,
ORD01571,Bakery,Biscuits,South,Ongole,Andhra Pradesh,4176,2871.31,17,1304.69,31.24,0.236666667,10/17/2022,,,,,,,,
ORD01572,Oil & Masala,Masalas,South,Ballari,Andhra Pradesh,4171,2633.99,17,1537.01,36.85,0.2,10/11/2022,,,,,,,,
ORD01573,"Eggs, Meat & Fish",Eggs,West,Vellore,Andhra Pradesh,4169,3169.45,17,999.55,23.98,0.1975,3/5/2023,,,,,,,,
ORD01574,Food Grains,Organic Staples,South,Eluru,Andhra Pradesh,4169,3398.75,17,770.25,18.48,0.27,9/22/2022,,,,,,,,
ORD01575,Oil & Masala,Spices,Central,Prakasham,Andhra Pradesh,4148,3536.12,17,611.88,14.75,0.185,6/23/2022,,,,,,,,
ORD01576,Fruits & Veggies,Organic Vegetables,Central,Kurnool,Andhra Pradesh,4144,2843.09,17,1300.91,31.39,0.22,3/4/2024,,,,,,,,
ORD01577,Bakery,Breads & Buns,South,Prakasham,Andhra Pradesh,4142,3289.88,17,852.12,20.57,0.2,11/9/2023,,,,,,,,
ORD01578,Food Grains,Dals & Pulses,South,Viluppuram,Andhra Pradesh,4139,3259.66,17,879.34,21.25,0.26,11/10/2022,,,,,,,,
ORD01579,Bakery,Breads & Buns,Central,Vellore,Andhra Pradesh,4130,2904.02,17,1225.98,29.68,0.29,12/3/2022,,,,,,,,
ORD01580,Oil & Masala,Spices,East,Dharmavaram,Andhra Pradesh,4130,3000.36,17,1129.64,27.35,0.243333333,8/3/2023,,,,,,,,
ORD01581,Fruits & Veggies,Organic Fruits,South,Kadiri,Andhra Pradesh,4127,2840.14,17,1286.86,31.18,0.2875,4/18/2023,,,,,,,,
ORD01582,Food Grains,Atta & Flour,West,Markapur,Andhra Pradesh,4124,3051.26,16,1072.74,26.01,0.163333333,3/6/2023,,,,,,,,
ORD01583,Snacks,Cookies,West,Ballari,Andhra Pradesh,4113,2532.6,16,1580.4,38.42,0.18,3/12/2022,,,,,,,,
ORD01584,Food Grains,Dals & Pulses,West,Nelluru,Andhra Pradesh,4108,2775.94,16,1332.06,32.43,0.29,10/27/2023,,,,,,,,
ORD01585,Food Grains,Organic Staples,West,Kadiri,Andhra Pradesh,4104,3237.35,16,866.65,21.12,0.185,10/8/2024,,,,,,,,
ORD01586,"Eggs, Meat & Fish",Eggs,West,Cumbum,Andhra Pradesh,4104,3262.07,16,841.93,20.51,0.23,6/14/2023,,,,,,,,
ORD01587,Fruits & Veggies,Fresh Fruits,South,Vizag,Andhra Pradesh,4099,3094.27,16,1004.73,24.51,0.233333333,8/7/2023,,,,,,,,
ORD01588,"Eggs, Meat & Fish",Fish,West,Krishnagiri,Andhra Pradesh,4096,3156,16,940,22.95,0.2,2/24/2022,,,,,,,,
ORD01589,Fruits & Veggies,Fresh Fruits,Central,Viluppuram,Andhra Pradesh,4096,2986.76,16,1109.24,27.08,0.34,5/16/2022,,,,,,,,
ORD01590,Bakery,Breads & Buns,South,Viluppuram,Andhra Pradesh,4095,3211.15,16,883.85,21.58,0.19,3/14/2022,,,,,,,,
ORD01591,Oil & Masala,Edible Oil & Ghee,South,Cumbum,Andhra Pradesh,4091,2471.89,16,1619.11,39.58,0.28,9/3/2023,,,,,,,,
ORD01592,"Eggs, Meat & Fish",Fish,Central,Visakhapatnam,Andhra Pradesh,4083,2980.41,16,1102.59,27,0.235,9/26/2023,,,,,,,,
ORD01593,Food Grains,Dals & Pulses,East,Markapur,Andhra Pradesh,4075,3162.65,16,912.35,22.39,0.293333333,9/4/2024,,,,,,,,
ORD01594,Food Grains,Organic Staples,East,Cumbum,Andhra Pradesh,4074,2784.62,16,1289.38,31.65,0.246666667,7/12/2024,,,,,,,,
ORD01595,Oil & Masala,Masalas,Central,Dhone,Andhra Pradesh,4074,2925.5,16,1148.5,28.19,0.27,12/13/2022,,,,,,,,
ORD01596,Bakery,Breads & Buns,South,Kurnool,Andhra Pradesh,4073,3091.35,16,981.65,24.1,0.123333333,2/4/2024,,,,,,,,
ORD01597,Bakery,Breads & Buns,Central,Vizag,Andhra Pradesh,4071,2860.93,16,1210.07,29.72,0.253333333,8/8/2023,,,,,,,,
ORD01598,"Eggs, Meat & Fish",Chicken,Central,Viluppuram,Andhra Pradesh,4066,2575.58,16,1490.42,36.66,0.185,6/11/2023,,,,,,,,
ORD01599,Bakery,Cakes,West,Anathapuram,Andhra Pradesh,4064,3398.13,16,665.87,16.38,0.2,6/20/2024,,,,,,,,
ORD01600,Bakery,Biscuits,West,Adoni,Andhra Pradesh,4057,2937.24,16,1119.76,27.6,0.24,6/17/2022,,,,,,,,
ORD01601,Fruits & Veggies,Fresh Vegetables,South,Ramanadhapuram,Andhra Pradesh,4056,3263.6,16,792.4,19.54,0.215,6/27/2024,,,,,,,,
ORD01602,Oil & Masala,Edible Oil & Ghee,West,Nelluru,Andhra Pradesh,4044,3014.33,16,1029.67,25.46,0.21,10/19/2024,,,,,,,,
ORD01603,Oil & Masala,Edible Oil & Ghee,South,Ballari,Andhra Pradesh,4039,3158.67,16,880.33,21.8,0.203333333,8/25/2024,,,,,,,,
ORD01604,Food Grains,Organic Staples,Central,Nelluru,Andhra Pradesh,4036,3055.37,16,980.63,24.3,0.21,6/22/2022,,,,,,,,
ORD01605,Oil & Masala,Masalas,East,Viluppuram,Andhra Pradesh,4024,2461.33,16,1562.67,38.83,0.335,3/13/2024,,,,,,,,
ORD01606,Fruits & Veggies,Organic Vegetables,West,Nelluru,Andhra Pradesh,4019,2841.19,16,1177.81,29.31,0.24,12/7/2022,,,,,,,,
ORD01607,Bakery,Breads & Buns,Central,Nelluru,Andhra Pradesh,4012,3019.76,16,992.24,24.73,0.256666667,6/4/2024,,,,,,,,
ORD01608,Fruits & Veggies,Fresh Vegetables,West,Nandyal,Andhra Pradesh,4011,3002.44,16,1008.56,25.14,0.3125,3/24/2022,,,,,,,,
ORD01609,Snacks,Chocolates,South,Ramanadhapuram,Andhra Pradesh,4010,3321.21,16,688.79,17.18,0.196666667,11/1/2023,,,,,,,,
ORD01610,Food Grains,Rice,Central,Prakasham,Andhra Pradesh,4002,2803.53,16,1198.47,29.95,0.15,11/30/2023,,,,,,,,
ORD01611,Food Grains,Dals & Pulses,East,Vellore,Andhra Pradesh,4000,2454.28,16,1545.72,38.64,0.19,5/16/2022,,,,,,,,
ORD01612,Food Grains,Atta & Flour,East,Guntur,Andhra Pradesh,3986,2890.81,16,1095.19,27.48,0.203333333,8/9/2023,,,,,,,,
ORD01613,Food Grains,Organic Staples,South,Anathapuram,Andhra Pradesh,3980,3130.19,16,849.81,21.35,0.173333333,10/12/2022,,,,,,,,
ORD01614,"Eggs, Meat & Fish",Mutton,West,Adoni,Andhra Pradesh,3972,3371.31,16,600.69,15.12,0.23,5/1/2024,,,,,,,,
ORD01615,Snacks,Chocolates,East,Eluru,Andhra Pradesh,3970,2871.37,16,1098.63,27.67,0.2,10/15/2024,,,,,,,,
ORD01616,Fruits & Veggies,Fresh Vegetables,East,Viluppuram,Andhra Pradesh,3968,2917.49,16,1050.51,26.47,0.233333333,4/11/2022,,,,,,,,
ORD01617,"Eggs, Meat & Fish",Eggs,West,Kanyakumari,Andhra Pradesh,3967,2618.26,16,1348.74,34,0.22,2/9/2023,,,,,,,,
ORD01618,Bakery,Biscuits,West,Ramanadhapuram,Andhra Pradesh,3964,3129.36,16,834.64,21.06,0.2675,2/27/2024,,,,,,,,
ORD01619,"Eggs, Meat & Fish",Eggs,East,Vellore,Andhra Pradesh,3963,2729.46,16,1233.54,31.13,0.18,8/24/2023,,,,,,,,
ORD01620,Bakery,Biscuits,Central,Vizag,Andhra Pradesh,3962,3178.09,16,783.91,19.79,0.16,12/21/2023,,,,,,,,
ORD01621,"Eggs, Meat & Fish",Mutton,South,Ramanadhapuram,Andhra Pradesh,3953,3393.91,16,559.09,14.14,0.13,8/6/2024,,,,,,,,
ORD01622,"Eggs, Meat & Fish",Mutton,East,Prakasham,Andhra Pradesh,3942,3358.02,16,583.98,14.81,0.233333333,8/31/2022,,,,,,,,
ORD01623,"Eggs, Meat & Fish",Chicken,East,Prakasham,Andhra Pradesh,3935,2639.86,16,1295.14,32.91,0.21,11/24/2023,,,,,,,,
ORD01624,"Eggs, Meat & Fish",Mutton,Central,Ramanadhapuram,Andhra Pradesh,3935,2888.38,16,1046.62,26.6,0.23,11/24/2023,,,,,,,,
ORD01625,Oil & Masala,Masalas,East,Krishnagiri,Andhra Pradesh,3934,2737.26,16,1196.74,30.42,0.1575,6/13/2024,,,,,,,,
ORD01626,Fruits & Veggies,Fresh Fruits,South,Viluppuram,Andhra Pradesh,3930,3355.14,16,574.86,14.63,0.145,11/10/2023,,,,,,,,
ORD01627,Bakery,Biscuits,Central,Cumbum,Andhra Pradesh,3924,3394.91,16,529.09,13.48,0.266666667,6/20/2022,,,,,,,,
ORD01628,"Eggs, Meat & Fish",Mutton,Central,Cumbum,Andhra Pradesh,3923,2824.98,16,1098.02,27.99,0.223333333,4/25/2022,,,,,,,,
ORD01629,Bakery,Cakes,East,Vellore,Andhra Pradesh,3919,2864.43,16,1054.57,26.91,0.21,10/13/2022,,,,,,,,
ORD01630,Food Grains,Atta & Flour,East,Kanyakumari,Andhra Pradesh,3913,3037.79,16,875.21,22.37,0.185,8/2/2024,,,,,,,,
ORD01631,Fruits & Veggies,Fresh Vegetables,South,Dharmavaram,Andhra Pradesh,3898,3045.14,16,852.86,21.88,0.223333333,8/14/2023,,,,,,,,
ORD01632,"Eggs, Meat & Fish",Fish,East,Visakhapatnam,Andhra Pradesh,3898,3136.08,16,761.92,19.55,0.2,1/24/2023,,,,,,,,
ORD01633,Fruits & Veggies,Organic Fruits,Central,Visakhapatnam,Andhra Pradesh,3895,2748.56,16,1146.44,29.43,0.14,12/2/2023,,,,,,,,
ORD01634,Snacks,Cookies,South,Guntur,Andhra Pradesh,3890,2644.13,16,1245.87,32.03,0.15,1/13/2024,,,,,,,,
ORD01635,Snacks,Noodles,West,Viluppuram,Andhra Pradesh,3885,2644.95,16,1240.05,31.92,0.175,6/28/2023,,,,,,,,
ORD01636,Oil & Masala,Spices,South,Kodmur,Andhra Pradesh,3885,3103.12,16,781.88,20.13,0.185,6/5/2023,,,,,,,,
ORD01637,Food Grains,Atta & Flour,Central,Ramanadhapuram,Andhra Pradesh,3877,2906.11,16,970.89,25.04,0.275,10/8/2024,,,,,,,,
ORD01638,Food Grains,Rice,Central,Vellore,Andhra Pradesh,3867,2414.81,15,1452.19,37.55,0.253333333,11/16/2022,,,,,,,,
ORD01639,Food Grains,Rice,East,Dharmavaram,Andhra Pradesh,3865,2683.15,15,1181.85,30.58,0.16,6/19/2022,,,,,,,,
ORD01640,Fruits & Veggies,Organic Vegetables,South,Anathapuram,Andhra Pradesh,3849,3367.62,15,481.38,12.51,0.33,2/16/2022,,,,,,,,
ORD01641,Oil & Masala,Masalas,East,Dharmavaram,Andhra Pradesh,3849,3232.27,15,616.73,16.02,0.253333333,7/20/2022,,,,,,,,
ORD01642,Bakery,Breads & Buns,South,Anathapuram,Andhra Pradesh,3849,2772.05,15,1076.95,27.98,0.155,4/6/2022,,,,,,,,
ORD01643,Fruits & Veggies,Fresh Fruits,Central,Dharmavaram,Andhra Pradesh,3845,3462.65,15,382.35,9.94,0.185,12/11/2022,,,,,,,,
ORD01644,Fruits & Veggies,Fresh Fruits,West,Markapur,Andhra Pradesh,3845,2978.11,15,866.89,22.55,0.236666667,6/15/2024,,,,,,,,
ORD01645,Oil & Masala,Masalas,Central,Cumbum,Andhra Pradesh,3842,2406.01,15,1435.99,37.38,0.195,9/10/2024,,,,,,,,
ORD01646,Oil & Masala,Edible Oil & Ghee,Central,Nelluru,Andhra Pradesh,3842,3209.08,15,632.92,16.47,0.22,8/3/2024,,,,,,,,
ORD01647,Fruits & Veggies,Organic Vegetables,South,Ramanadhapuram,Andhra Pradesh,3836,3067.26,15,768.74,20.04,0.24,11/22/2022,,,,,,,,
ORD01648,Food Grains,Dals & Pulses,Central,Ongole,Andhra Pradesh,3834,2953.52,15,880.48,22.97,0.173333333,8/16/2022,,,,,,,,
ORD01649,Snacks,Chocolates,South,Ongole,Andhra Pradesh,3830,2349.95,15,1480.05,38.64,0.19,6/26/2023,,,,,,,,
ORD01650,Snacks,Cookies,East,Markapur,Andhra Pradesh,3819,2375.02,15,1443.98,37.81,0.24,12/25/2024,,,,,,,,
ORD01651,Oil & Masala,Edible Oil & Ghee,Central,Kodmur,Andhra Pradesh,3814,2472.72,15,1341.28,35.17,0.156666667,11/15/2024,,,,,,,,
ORD01652,Bakery,Biscuits,South,Visakhapatnam,Andhra Pradesh,3813,2835.77,15,977.23,25.63,0.19,7/18/2024,,,,,,,,
ORD01653,Food Grains,Atta & Flour,South,Thanda,Andhra Pradesh,3808,2670.49,15,1137.51,29.87,0.12,1/21/2022,,,,,,,,
ORD01654,Fruits & Veggies,Fresh Vegetables,East,Nelluru,Andhra Pradesh,3802,2987.4,15,814.6,21.43,0.24,1/8/2022,,,,,,,,
ORD01655,Oil & Masala,Masalas,Central,Viluppuram,Andhra Pradesh,3801,3301.71,15,499.29,13.14,0.256666667,6/1/2023,,,,,,,,
ORD01656,Food Grains,Dals & Pulses,South,Eluru,Andhra Pradesh,3799,3188.41,15,610.59,16.07,0.263333333,12/10/2022,,,,,,,,
ORD01657,Snacks,Cookies,South,Vizag,Andhra Pradesh,3795,3381.14,15,413.86,10.91,0.236666667,8/5/2023,,,,,,,,
ORD01658,Food Grains,Atta & Flour,South,Ramanadhapuram,Andhra Pradesh,3782,2713.76,15,1068.24,28.25,0.26,6/16/2022,,,,,,,,
ORD01659,Fruits & Veggies,Organic Vegetables,Central,Kadiri,Andhra Pradesh,3781,2778.5,15,1002.5,26.51,0.133333333,4/13/2024,,,,,,,,
ORD01660,Oil & Masala,Edible Oil & Ghee,South,Anathapuram,Andhra Pradesh,3771,2745.63,15,1025.37,27.19,0.23,2/27/2024,,,,,,,,
ORD01661,Food Grains,Atta & Flour,East,Kodmur,Andhra Pradesh,3767,2670.11,15,1096.89,29.12,0.27,11/21/2023,,,,,,,,
ORD01662,Fruits & Veggies,Organic Vegetables,Central,Viluppuram,Andhra Pradesh,3766,3521.41,15,244.59,6.49,0.255,1/12/2022,,,,,,,,
ORD01663,Food Grains,Organic Staples,South,Ongole,Andhra Pradesh,3763,2878.17,15,884.83,23.51,0.21,2/18/2022,,,,,,,,
ORD01664,Oil & Masala,Masalas,South,Cumbum,Andhra Pradesh,3761,2871.8,15,889.2,23.64,0.313333333,12/27/2022,,,,,,,,
ORD01665,Beverages,Soft Drinks,South,Ongole,Andhra Pradesh,3751,3023.62,15,727.38,19.39,0.19,1/11/2024,,,,,,,,
ORD01666,Beverages,Health Drinks,East,Markapur,Andhra Pradesh,3751,3148.69,15,602.31,16.06,0.15,4/2/2024,,,,,,,,
ORD01667,Snacks,Chocolates,South,Kurnool,Andhra Pradesh,3742,2806.24,15,935.76,25.01,0.1975,3/28/2022,,,,,,,,
ORD01668,"Eggs, Meat & Fish",Mutton,East,Dharmavaram,Andhra Pradesh,3739,3210.81,15,528.19,14.13,0.145,2/26/2024,,,,,,,,
ORD01669,Food Grains,Dals & Pulses,West,Krishnagiri,Andhra Pradesh,3737,2181.12,15,1555.88,41.63,0.24,10/21/2023,,,,,,,,
ORD01670,Food Grains,Organic Staples,Central,Dharmavaram,Andhra Pradesh,3731,2557.44,15,1173.56,31.45,0.286666667,11/2/2023,,,,,,,,
ORD01671,Bakery,Biscuits,South,Markapur,Andhra Pradesh,3720,3030.38,15,689.62,18.54,0.26,10/21/2022,,,,,,,,
ORD01672,Bakery,Cakes,South,Visakhapatnam,Andhra Pradesh,3698,3281.74,15,416.26,11.26,0.225,1/11/2024,,,,,,,,
ORD01673,"Eggs, Meat & Fish",Mutton,East,Kurnool,Andhra Pradesh,3698,2423.7,15,1274.3,34.46,0.27,2/3/2022,,,,,,,,
ORD01674,"Eggs, Meat & Fish",Eggs,Central,Viluppuram,Andhra Pradesh,3695,2643.72,15,1051.28,28.45,0.215,12/5/2022,,,,,,,,
ORD01675,Bakery,Cakes,South,Nelluru,Andhra Pradesh,3690,2961.18,15,728.82,19.75,0.205,7/6/2023,,,,,,,,
ORD01676,"Eggs, Meat & Fish",Chicken,Central,Thanda,Andhra Pradesh,3688,2655.04,15,1032.96,28.01,0.145,10/9/2023,,,,,,,,
ORD01677,Snacks,Chocolates,West,Adoni,Andhra Pradesh,3687,3118.74,15,568.26,15.41,0.243333333,10/2/2024,,,,,,,,
ORD01678,Oil & Masala,Spices,East,Nandyal,Andhra Pradesh,3683,2888.71,15,794.29,21.57,0.253333333,5/23/2022,,,,,,,,
ORD01679,"Eggs, Meat & Fish",Fish,West,Nelluru,Andhra Pradesh,3680,3080.08,15,599.92,16.3,0.31,9/2/2022,,,,,,,,
ORD01680,Fruits & Veggies,Organic Vegetables,South,Vellore,Andhra Pradesh,3673,3021.82,15,651.18,17.73,0.26,10/13/2023,,,,,,,,
ORD01681,Beverages,Health Drinks,South,Krishnagiri,Andhra Pradesh,3672,2736.32,15,935.68,25.48,0.226666667,10/20/2023,,,,,,,,
ORD01682,Food Grains,Dals & Pulses,South,Prakasham,Andhra Pradesh,3672,2636.58,15,1035.42,28.2,0.27,10/7/2023,,,,,,,,
ORD01683,Oil & Masala,Edible Oil & Ghee,South,Ramanadhapuram,Andhra Pradesh,3670,2537.1,15,1132.9,30.87,0.22,4/5/2022,,,,,,,,
ORD01684,Fruits & Veggies,Organic Fruits,East,Ballari,Andhra Pradesh,3662,2950.86,15,711.14,19.42,0.115,12/29/2024,,,,,,,,
ORD01685,"Eggs, Meat & Fish",Eggs,East,Nelluru,Andhra Pradesh,3659,2257.05,15,1401.95,38.32,0.16,8/6/2022,,,,,,,,
ORD01686,Snacks,Cookies,Central,Markapur,Andhra Pradesh,3647,2683.64,15,963.36,26.42,0.285,6/22/2023,,,,,,,,
ORD01687,Fruits & Veggies,Organic Fruits,East,Adoni,Andhra Pradesh,3647,2530.65,15,1116.35,30.61,0.17,1/13/2023,,,,,,,,
ORD01688,"Eggs, Meat & Fish",Eggs,Central,Dhone,Andhra Pradesh,3644,3170.05,15,473.95,13.01,0.29,9/25/2022,,,,,,,,
ORD01689,Beverages,Health Drinks,South,Markapur,Andhra Pradesh,3639,2700.44,15,938.56,25.79,0.176666667,8/15/2024,,,,,,,,
ORD01690,Food Grains,Organic Staples,East,Guntur,Andhra Pradesh,3624,2554.56,14,1069.44,29.51,0.285,5/12/2022,,,,,,,,
ORD01691,Fruits & Veggies,Fresh Vegetables,West,Dharmavaram,Andhra Pradesh,3618,3376.75,14,241.25,6.67,0.145,6/17/2024,,,,,,,,
ORD01692,Snacks,Cookies,South,Markapur,Andhra Pradesh,3611,2780.66,14,830.34,22.99,0.21,3/2/2024,,,,,,,,
ORD01693,Food Grains,Atta & Flour,West,Ramanadhapuram,Andhra Pradesh,3610,2748.64,14,861.36,23.86,0.133333333,12/17/2022,,,,,,,,
ORD01694,Oil & Masala,Masalas,West,Guntur,Andhra Pradesh,3610,2480.08,14,1129.92,31.3,0.21,8/2/2022,,,,,,,,
ORD01695,Fruits & Veggies,Organic Fruits,South,Ongole,Andhra Pradesh,3606,3117.17,14,488.83,13.56,0.246666667,3/31/2022,,,,,,,,
ORD01696,Food Grains,Dals & Pulses,West,Viluppuram,Andhra Pradesh,3602,3157.66,14,444.34,12.34,0.165,12/12/2023,,,,,,,,
ORD01697,Snacks,Noodles,Central,Cumbum,Andhra Pradesh,3600,2513.46,14,1086.54,30.18,0.1675,9/28/2023,,,,,,,,
ORD01698,Food Grains,Atta & Flour,Central,Dharmavaram,Andhra Pradesh,3587,2665.1,14,921.9,25.7,0.276666667,4/21/2022,,,,,,,,
ORD01699,"Eggs, Meat & Fish",Eggs,South,Kodmur,Andhra Pradesh,3580,2412.01,14,1167.99,32.63,0.283333333,6/25/2024,,,,,,,,
ORD01700,Snacks,Cookies,South,Prakasham,Andhra Pradesh,3578,3278.55,14,299.45,8.37,0.243333333,5/30/2022,,,,,,,,
ORD01701,Food Grains,Atta & Flour,South,Kadiri,Andhra Pradesh,3577,2529.27,14,1047.73,29.29,0.32,6/5/2023,,,,,,,,
ORD01702,Fruits & Veggies,Fresh Vegetables,South,Ballari,Andhra Pradesh,3575,2577.6,14,997.4,27.9,0.283333333,5/14/2024,,,,,,,,
ORD01703,Fruits & Veggies,Organic Fruits,West,Dhone,Andhra Pradesh,3573,2385.28,14,1187.72,33.24,0.27,7/22/2023,,,,,,,,
ORD01704,"Eggs, Meat & Fish",Mutton,South,Cumbum,Andhra Pradesh,3564,3129.17,14,434.83,12.2,0.245,4/13/2022,,,,,,,,
ORD01705,"Eggs, Meat & Fish",Fish,South,Vellore,Andhra Pradesh,3560,2570.58,14,989.42,27.79,0.27,8/11/2022,,,,,,,,
ORD01706,"Eggs, Meat & Fish",Chicken,South,Viluppuram,Andhra Pradesh,3543,2432.21,14,1110.79,31.35,0.17,8/25/2023,,,,,,,,
ORD01707,"Eggs, Meat & Fish",Eggs,West,Ramanadhapuram,Andhra Pradesh,3530,2650.17,14,879.83,24.92,0.283333333,1/12/2023,,,,,,,,
ORD01708,Food Grains,Atta & Flour,South,Nandyal,Andhra Pradesh,3530,2733.88,14,796.12,22.55,0.195,2/8/2024,,,,,,,,
ORD01709,Oil & Masala,Masalas,Central,Kodmur,Andhra Pradesh,3529,3052.18,14,476.82,13.51,0.27,5/7/2024,,,,,,,,
ORD01710,Snacks,Noodles,East,Anathapuram,Andhra Pradesh,3523,2824.2,14,698.8,19.84,0.16,10/24/2023,,,,,,,,
ORD01711,Food Grains,Dals & Pulses,West,Ramanadhapuram,Andhra Pradesh,3522,2648.86,14,873.14,24.79,0.206666667,2/5/2022,,,,,,,,
ORD01712,Food Grains,Atta & Flour,South,Prakasham,Andhra Pradesh,3516,2890.88,14,625.12,17.78,0.21,4/11/2023,,,,,,,,
ORD01713,"Eggs, Meat & Fish",Mutton,Central,Nelluru,Andhra Pradesh,3482,2104.99,14,1377.01,39.55,0.18,10/15/2022,,,,,,,,
ORD01714,Beverages,Health Drinks,South,Thanda,Andhra Pradesh,3477,2562.76,14,914.24,26.29,0.195,6/6/2024,,,,,,,,
ORD01715,Fruits & Veggies,Organic Vegetables,West,Krishnagiri,Andhra Pradesh,3473,2483.5,14,989.5,28.49,0.185,8/1/2022,,,,,,,,
ORD01716,Food Grains,Atta & Flour,East,Ramanadhapuram,Andhra Pradesh,3471,2942.59,14,528.41,15.22,0.313333333,11/8/2022,,,,,,,,
ORD01717,Bakery,Breads & Buns,South,Thanda,Andhra Pradesh,3470,2663.34,14,806.66,23.25,0.26,4/9/2022,,,,,,,,
ORD01718,"Eggs, Meat & Fish",Mutton,South,Ongole,Andhra Pradesh,3463,2251.4,14,1211.6,34.99,0.196666667,6/1/2022,,,,,,,,
ORD01719,Bakery,Biscuits,Central,Kodmur,Andhra Pradesh,3444,2908.62,14,535.38,15.55,0.29,7/23/2022,,,,,,,,
ORD01720,"Eggs, Meat & Fish",Fish,Central,Markapur,Andhra Pradesh,3440,2034.72,14,1405.28,40.85,0.265,2/23/2023,,,,,,,,
ORD01721,Snacks,Cookies,South,Visakhapatnam,Andhra Pradesh,3438,2241.42,14,1196.58,34.8,0.21,5/7/2024,,,,,,,,
ORD01722,Food Grains,Atta & Flour,South,Anathapuram,Andhra Pradesh,3423,2231.07,14,1191.93,34.82,0.275,4/8/2023,,,,,,,,
ORD01723,Oil & Masala,Spices,East,Kadiri,Andhra Pradesh,3422,2929.68,14,492.32,14.39,0.185,4/10/2022,,,,,,,,
ORD01724,Snacks,Chocolates,South,Kodmur,Andhra Pradesh,3415,2379.18,14,1035.82,30.33,0.1875,8/24/2024,,,,,,,,
ORD01725,Snacks,Chocolates,Central,Ongole,Andhra Pradesh,3413,2363.08,14,1049.92,30.76,0.196666667,5/10/2024,,,,,,,,
ORD01726,Food Grains,Dals & Pulses,East,Adoni,Andhra Pradesh,3408,2075.07,14,1332.93,39.11,0.265,11/24/2023,,,,,,,,
ORD01727,Food Grains,Organic Staples,Central,Anathapuram,Andhra Pradesh,3405,2991.32,14,413.68,12.15,0.286666667,2/1/2023,,,,,,,,
ORD01728,"Eggs, Meat & Fish",Mutton,South,Vizag,Andhra Pradesh,3399,2708.52,14,690.48,20.31,0.14,11/16/2022,,,,,,,,
ORD01729,Fruits & Veggies,Fresh Vegetables,West,Vellore,Andhra Pradesh,3399,2879.25,14,519.75,15.29,0.213333333,9/17/2023,,,,,,,,
ORD01730,Fruits & Veggies,Fresh Vegetables,South,Kurnool,Andhra Pradesh,3395,2982.06,14,412.94,12.16,0.13,9/21/2022,,,,,,,,
ORD01731,Food Grains,Atta & Flour,West,Vellore,Andhra Pradesh,3394,2568.58,14,825.42,24.32,0.203333333,11/11/2024,,,,,,,,
ORD01732,Beverages,Soft Drinks,South,Kurnool,Andhra Pradesh,3392,2561.62,14,830.38,24.48,0.256666667,12/19/2022,,,,,,,,
ORD01733,Fruits & Veggies,Fresh Fruits,South,Dharmavaram,Andhra Pradesh,3390,2606.58,14,783.42,23.11,0.236666667,5/22/2023,,,,,,,,
ORD01734,"Eggs, Meat & Fish",Fish,Central,Thanda,Andhra Pradesh,3388,2928.97,14,459.03,13.55,0.3,7/1/2022,,,,,,,,
ORD01735,Food Grains,Organic Staples,South,Nandyal,Andhra Pradesh,3385,2294.85,14,1090.15,32.21,0.255,3/18/2022,,,,,,,,
ORD01736,Food Grains,Dals & Pulses,Central,Cumbum,Andhra Pradesh,3377,2273.76,14,1103.24,32.67,0.275,7/30/2022,,,,,,,,
ORD01737,Food Grains,Atta & Flour,Central,Nelluru,Andhra Pradesh,3375,2619.74,14,755.26,22.38,0.193333333,6/4/2023,,,,,,,,
ORD01738,"Eggs, Meat & Fish",Chicken,South,Nandyal,Andhra Pradesh,3366,2651.22,13,714.78,21.24,0.215,12/8/2022,,,,,,,,
ORD01739,Food Grains,Rice,Central,Kanyakumari,Andhra Pradesh,3363,2789.98,13,573.02,17.04,0.135,6/15/2023,,,,,,,,
ORD01740,Fruits & Veggies,Fresh Vegetables,West,Prakasham,Andhra Pradesh,3361,2311.79,13,1049.21,31.22,0.25,1/30/2024,,,,,,,,
ORD01741,Bakery,Cakes,Central,Kodmur,Andhra Pradesh,3355,2745.63,13,609.37,18.16,0.22,11/8/2024,,,,,,,,
ORD01742,Oil & Masala,Edible Oil & Ghee,South,Vizag,Andhra Pradesh,3353,2563.7,13,789.3,23.54,0.195,10/7/2024,,,,,,,,
ORD01743,Food Grains,Rice,Central,Ramanadhapuram,Andhra Pradesh,3350,2627.71,13,722.29,21.56,0.29,12/31/2024,,,,,,,,
ORD01744,Food Grains,Rice,East,Cumbum,Andhra Pradesh,3339,2898.98,13,440.02,13.18,0.125,4/6/2024,,,,,,,,
ORD01745,Fruits & Veggies,Organic Fruits,South,Nelluru,Andhra Pradesh,3327,2190.75,13,1136.25,34.15,0.19,3/15/2022,,,,,,,,
ORD01746,Food Grains,Dals & Pulses,East,Anathapuram,Andhra Pradesh,3323,2317.03,13,1005.97,30.27,0.14,9/29/2024,,,,,,,,
ORD01747,Food Grains,Rice,Central,Dhone,Andhra Pradesh,3313,2811.82,13,501.18,15.13,0.35,11/1/2022,,,,,,,,
ORD01748,"Eggs, Meat & Fish",Eggs,East,Krishnagiri,Andhra Pradesh,3312,2243.64,13,1068.36,32.26,0.215,8/25/2022,,,,,,,,
ORD01749,"Eggs, Meat & Fish",Mutton,West,Kadiri,Andhra Pradesh,3311,2518.64,13,792.36,23.93,0.226666667,7/3/2024,,,,,,,,
ORD01750,Snacks,Chocolates,Central,Visakhapatnam,Andhra Pradesh,3306,2743.98,13,562.02,17,0.205,12/31/2022,,,,,,,,
ORD01751,Bakery,Biscuits,South,Kanyakumari,Andhra Pradesh,3306,2648.82,13,657.18,19.88,0.205,9/27/2024,,,,,,,,
ORD01752,Bakery,Breads & Buns,South,Nelluru,Andhra Pradesh,3294,2570.58,13,723.42,21.96,0.275,1/30/2024,,,,,,,,
ORD01753,Oil & Masala,Spices,South,Viluppuram,Andhra Pradesh,3289,2866.99,13,422.01,12.83,0.225,11/20/2022,,,,,,,,
ORD01754,"Eggs, Meat & Fish",Chicken,Central,Kurnool,Andhra Pradesh,3288,2301.6,13,986.4,30,0.26,3/21/2024,,,,,,,,
ORD01755,Fruits & Veggies,Organic Vegetables,Central,Visakhapatnam,Andhra Pradesh,3281,2024.65,13,1256.35,38.29,0.205,10/21/2023,,,,,,,,
ORD01756,Food Grains,Organic Staples,West,Eluru,Andhra Pradesh,3270,2467.5,13,802.5,24.54,0.215,9/20/2022,,,,,,,,
ORD01757,Snacks,Cookies,South,Kodmur,Andhra Pradesh,3268,2380.21,13,887.79,27.17,0.233333333,9/9/2024,,,,,,,,
ORD01758,Oil & Masala,Masalas,East,Nandyal,Andhra Pradesh,3254,2535,13,719,22.1,0.18,7/9/2022,,,,,,,,
ORD01759,Bakery,Cakes,East,Kodmur,Andhra Pradesh,3246,2792.64,13,453.36,13.97,0.22,6/7/2023,,,,,,,,
ORD01760,Food Grains,Organic Staples,East,Nandyal,Andhra Pradesh,3237,2772.79,13,464.21,14.34,0.295,11/24/2023,,,,,,,,
ORD01761,Fruits & Veggies,Fresh Fruits,South,Adoni,Andhra Pradesh,3236,2188.96,13,1047.04,32.36,0.205,10/13/2022,,,,,,,,
ORD01762,Fruits & Veggies,Organic Fruits,South,Kurnool,Andhra Pradesh,3233,2341.49,13,891.51,27.58,0.185,11/3/2022,,,,,,,,
ORD01763,"Eggs, Meat & Fish",Fish,South,Kurnool,Andhra Pradesh,3229,2418.71,13,810.29,25.09,0.25,1/12/2022,,,,,,,,
ORD01764,Food Grains,Rice,South,Dhone,Andhra Pradesh,3215,2667.19,13,547.81,17.04,0.31,10/6/2022,,,,,,,,
ORD01765,"Eggs, Meat & Fish",Chicken,West,Markapur,Andhra Pradesh,3197,2545.81,13,651.19,20.37,0.31,3/15/2022,,,,,,,,
ORD01766,"Eggs, Meat & Fish",Eggs,South,Ramanadhapuram,Andhra Pradesh,3196,2335.46,13,860.54,26.93,0.23,6/20/2022,,,,,,,,
ORD01767,"Eggs, Meat & Fish",Mutton,Central,Vizag,Andhra Pradesh,3189,2346.49,13,842.51,26.42,0.236666667,9/19/2023,,,,,,,,
ORD01768,Fruits & Veggies,Organic Vegetables,South,Nandyal,Andhra Pradesh,3187,2171.93,13,1015.07,31.85,0.23,2/2/2023,,,,,,,,
ORD01769,Fruits & Veggies,Fresh Vegetables,South,Adoni,Andhra Pradesh,3184,2129.56,13,1054.44,33.12,0.265,5/24/2022,,,,,,,,
ORD01770,Fruits & Veggies,Fresh Fruits,East,Kodmur,Andhra Pradesh,3177,2169.87,13,1007.13,31.7,0.12,9/8/2023,,,,,,,,
ORD01771,Food Grains,Dals & Pulses,South,Ongole,Andhra Pradesh,3166,2287.06,13,878.94,27.76,0.1,12/25/2024,,,,,,,,
ORD01772,Bakery,Breads & Buns,South,Ramanadhapuram,Andhra Pradesh,3159,2588,13,571,18.08,0.273333333,12/12/2022,,,,,,,,
ORD01773,Fruits & Veggies,Organic Vegetables,South,Dharmavaram,Andhra Pradesh,3152,2850.68,13,301.32,9.56,0.26,6/6/2023,,,,,,,,
ORD01774,"Eggs, Meat & Fish",Mutton,East,Ballari,Andhra Pradesh,3151,2161.01,13,989.99,31.42,0.19,2/16/2022,,,,,,,,
ORD01775,"Eggs, Meat & Fish",Chicken,East,Kurnool,Andhra Pradesh,3151,2774.61,13,376.39,11.95,0.27,5/28/2022,,,,,,,,
ORD01776,Snacks,Cookies,South,Viluppuram,Andhra Pradesh,3147,2566.42,13,580.58,18.45,0.115,10/30/2023,,,,,,,,
ORD01777,Fruits & Veggies,Fresh Vegetables,South,Eluru,Andhra Pradesh,3138,2470.2,13,667.8,21.28,0.18,12/12/2023,,,,,,,,
ORD01778,Food Grains,Rice,Central,Thanda,Andhra Pradesh,3124,2685.16,12,438.84,14.05,0.213333333,7/31/2024,,,,,,,,
ORD01779,Oil & Masala,Edible Oil & Ghee,South,Guntur,Andhra Pradesh,3119,2355.71,12,763.29,24.47,0.186666667,9/17/2023,,,,,,,,
ORD01780,"Eggs, Meat & Fish",Eggs,West,Nandyal,Andhra Pradesh,3115,2353.54,12,761.46,24.44,0.305,5/16/2023,,,,,,,,
ORD01781,Beverages,Health Drinks,South,Nelluru,Andhra Pradesh,3108,1962.87,12,1145.13,36.84,0.305,11/16/2023,,,,,,,,
ORD01782,"Eggs, Meat & Fish",Chicken,South,Nelluru,Andhra Pradesh,3101,2103.18,12,997.82,32.18,0.3,4/1/2023,,,,,,,,
ORD01783,Food Grains,Organic Staples,South,Visakhapatnam,Andhra Pradesh,3098,2072.64,12,1025.36,33.1,0.325,7/14/2022,,,,,,,,
ORD01784,Bakery,Breads & Buns,South,Nandyal,Andhra Pradesh,3084,2398.32,12,685.68,22.23,0.26,7/11/2023,,,,,,,,
ORD01785,Bakery,Cakes,South,Ballari,Andhra Pradesh,3080,2048.09,12,1031.91,33.5,0.215,1/17/2023,,,,,,,,
ORD01786,Fruits & Veggies,Organic Fruits,Central,Viluppuram,Andhra Pradesh,3079,1949.2,12,1129.8,36.69,0.235,5/23/2022,,,,,,,,
ORD01787,"Eggs, Meat & Fish",Eggs,South,Ongole,Andhra Pradesh,3073,2342.96,12,730.04,23.76,0.245,5/24/2022,,,,,,,,
ORD01788,Fruits & Veggies,Fresh Fruits,Central,Krishnagiri,Andhra Pradesh,3053,2619.75,12,433.25,14.19,0.266666667,8/12/2022,,,,,,,,
ORD01789,Snacks,Cookies,Central,Vizag,Andhra Pradesh,3052,2450.22,12,601.78,19.72,0.273333333,9/4/2022,,,,,,,,
ORD01790,Bakery,Cakes,South,Viluppuram,Andhra Pradesh,3051,2224.75,12,826.25,27.08,0.236666667,6/18/2024,,,,,,,,
ORD01791,Food Grains,Dals & Pulses,Central,Vizag,Andhra Pradesh,3045,2566.35,12,478.65,15.72,0.27,12/28/2024,,,,,,,,
ORD01792,Fruits & Veggies,Fresh Vegetables,East,Guntur,Andhra Pradesh,3043,2559.6,12,483.4,15.89,0.29,3/6/2023,,,,,,,,
ORD01793,Food Grains,Atta & Flour,Central,Kanyakumari,Andhra Pradesh,3038,2645.72,12,392.28,12.91,0.2,8/24/2023,,,,,,,,
ORD01794,"Eggs, Meat & Fish",Fish,South,Ballari,Andhra Pradesh,3036,2221.15,12,814.85,26.84,0.18,7/9/2022,,,,,,,,
ORD01795,Food Grains,Dals & Pulses,South,Kanyakumari,Andhra Pradesh,3036,2343,12,693,22.83,0.26,6/8/2022,,,,,,,,
ORD01796,Food Grains,Atta & Flour,East,Prakasham,Andhra Pradesh,3028,2411.5,12,616.5,20.36,0.22,10/11/2024,,,,,,,,
ORD01797,Fruits & Veggies,Organic Vegetables,South,Ongole,Andhra Pradesh,3027,2533.76,12,493.24,16.29,0.23,6/27/2024,,,,,,,,
ORD01798,Fruits & Veggies,Organic Vegetables,East,Kurnool,Andhra Pradesh,3024,2456.82,12,567.18,18.76,0.226666667,9/6/2023,,,,,,,,
ORD01799,Bakery,Biscuits,East,Eluru,Andhra Pradesh,3020,2531.7,12,488.3,16.17,0.22,9/22/2023,,,,,,,,
ORD01800,Snacks,Chocolates,East,Nelluru,Andhra Pradesh,3010,2342.72,12,667.28,22.17,0.31,8/24/2024,,,,,,,,
ORD01801,Snacks,Noodles,East,Cumbum,Andhra Pradesh,2998,1977.73,12,1020.27,34.03,0.315,5/29/2024,,,,,,,,
ORD01802,"Eggs, Meat & Fish",Fish,South,Anathapuram,Andhra Pradesh,2994,1974.7,12,1019.3,34.04,0.27,11/26/2024,,,,,,,,
ORD01803,Food Grains,Dals & Pulses,South,Guntur,Andhra Pradesh,2990,2565.62,12,424.38,14.19,0.27,3/26/2024,,,,,,,,
ORD01804,"Eggs, Meat & Fish",Chicken,Central,Nelluru,Andhra Pradesh,2985,2294.82,12,690.18,23.12,0.24,8/15/2023,,,,,,,,
ORD01805,Fruits & Veggies,Fresh Fruits,South,Thanda,Andhra Pradesh,2982,2107.72,12,874.28,29.32,0.28,12/17/2023,,,,,,,,
ORD01806,"Eggs, Meat & Fish",Eggs,South,Thanda,Andhra Pradesh,2978,1731.9,12,1246.1,41.84,0.29,6/23/2024,,,,,,,,
ORD01807,Fruits & Veggies,Organic Vegetables,South,Adoni,Andhra Pradesh,2977,1993.13,12,983.87,33.05,0.22,8/27/2023,,,,,,,,
ORD01808,Fruits & Veggies,Fresh Fruits,South,Ramanadhapuram,Andhra Pradesh,2973,2688.6,12,284.4,9.57,0.2,11/30/2022,,,,,,,,
ORD01809,Food Grains,Dals & Pulses,Central,Dharmavaram,Andhra Pradesh,2972,2251.03,12,720.97,24.26,0.29,1/11/2024,,,,,,,,
ORD01810,Fruits & Veggies,Fresh Fruits,Central,Eluru,Andhra Pradesh,2961,1729.58,12,1231.42,41.59,0.18,7/28/2023,,,,,,,,
ORD01811,Oil & Masala,Masalas,Central,Ramanadhapuram,Andhra Pradesh,2960,2200.51,12,759.49,25.66,0.26,3/18/2023,,,,,,,,
ORD01812,"Eggs, Meat & Fish",Chicken,South,Anathapuram,Andhra Pradesh,2954,2051.92,12,902.08,30.54,0.18,2/8/2023,,,,,,,,
ORD01813,Bakery,Cakes,East,Vizag,Andhra Pradesh,2954,2195.1,12,758.9,25.69,0.206666667,12/14/2024,,,,,,,,
ORD01814,Snacks,Cookies,Central,Ongole,Andhra Pradesh,2951,1748.3,12,1202.7,40.76,0.16,6/25/2024,,,,,,,,
ORD01815,Bakery,Breads & Buns,South,Visakhapatnam,Andhra Pradesh,2951,1805.33,12,1145.67,38.82,0.335,10/8/2024,,,,,,,,
ORD01816,Fruits & Veggies,Organic Vegetables,West,Markapur,Andhra Pradesh,2928,2364.44,12,563.56,19.25,0.215,4/12/2022,,,,,,,,
ORD01817,"Eggs, Meat & Fish",Eggs,South,Guntur,Andhra Pradesh,2928,2208.36,12,719.64,24.58,0.25,9/6/2022,,,,,,,,
ORD01818,Fruits & Veggies,Organic Vegetables,South,Kanyakumari,Andhra Pradesh,2926,2182.92,12,743.08,25.4,0.22,11/29/2023,,,,,,,,
ORD01819,Food Grains,Atta & Flour,Central,Dhone,Andhra Pradesh,2920,1951.12,12,968.88,33.18,0.315,8/22/2024,,,,,,,,
ORD01820,Food Grains,Dals & Pulses,East,Eluru,Andhra Pradesh,2920,2073.62,12,846.38,28.99,0.196666667,4/4/2023,,,,,,,,
ORD01821,Food Grains,Rice,West,Anathapuram,Andhra Pradesh,2901,1833.69,12,1067.31,36.79,0.22,9/5/2023,,,,,,,,
ORD01822,Oil & Masala,Edible Oil & Ghee,South,Visakhapatnam,Andhra Pradesh,2896,2418.08,12,477.92,16.5,0.255,9/3/2024,,,,,,,,
ORD01823,Snacks,Cookies,Central,Viluppuram,Andhra Pradesh,2883,2331.64,12,551.36,19.12,0.256666667,5/8/2024,,,,,,,,
ORD01824,"Eggs, Meat & Fish",Chicken,Central,Kodmur,Andhra Pradesh,2881,1875.37,12,1005.63,34.91,0.13,3/18/2024,,,,,,,,
ORD01825,Food Grains,Rice,South,Viluppuram,Andhra Pradesh,2881,1929.64,12,951.36,33.02,0.183333333,4/1/2024,,,,,,,,
ORD01826,Food Grains,Rice,East,Nandyal,Andhra Pradesh,2876,2149.98,12,726.02,25.24,0.29,2/28/2022,,,,,,,,
ORD01827,Oil & Masala,Masalas,South,Markapur,Andhra Pradesh,2867,2351.97,11,515.03,17.96,0.166666667,9/14/2023,,,,,,,,
ORD01828,Food Grains,Rice,South,Nandyal,Andhra Pradesh,2866,1981.75,11,884.25,30.85,0.29,7/30/2022,,,,,,,,
ORD01829,"Eggs, Meat & Fish",Chicken,West,Dhone,Andhra Pradesh,2862,2378.65,11,483.35,16.89,0.14,10/22/2024,,,,,,,,
ORD01830,Bakery,Cakes,Central,Nandyal,Andhra Pradesh,2860,2110.96,11,749.04,26.19,0.205,2/20/2023,,,,,,,,
ORD01831,Food Grains,Dals & Pulses,West,Ballari,Andhra Pradesh,2847,2152.11,11,694.89,24.41,0.275,12/25/2023,,,,,,,,
ORD01832,Food Grains,Dals & Pulses,East,Prakasham,Andhra Pradesh,2841,1793.32,11,1047.68,36.88,0.26,2/25/2022,,,,,,,,
ORD01833,Food Grains,Organic Staples,West,Krishnagiri,Andhra Pradesh,2836,2615,11,221,7.79,0.245,5/26/2023,,,,,,,,
ORD01834,"Eggs, Meat & Fish",Chicken,South,Markapur,Andhra Pradesh,2833,2546.79,11,286.21,10.1,0.2,11/2/2023,,,,,,,,
ORD01835,Fruits & Veggies,Organic Fruits,Central,Ballari,Andhra Pradesh,2799,2646.55,11,152.45,5.45,0.305,7/30/2024,,,,,,,,
ORD01836,Fruits & Veggies,Fresh Fruits,East,Anathapuram,Andhra Pradesh,2788,2255.66,11,532.34,19.09,0.315,4/18/2023,,,,,,,,
ORD01837,Bakery,Biscuits,South,Viluppuram,Andhra Pradesh,2782,1904.56,11,877.44,31.54,0.145,6/24/2024,,,,,,,,
ORD01838,"Eggs, Meat & Fish",Chicken,South,Ramanadhapuram,Andhra Pradesh,2777,1831.55,11,945.45,34.05,0.23,10/24/2023,,,,,,,,
ORD01839,"Eggs, Meat & Fish",Eggs,South,Anathapuram,Andhra Pradesh,2771,2356.27,11,414.73,14.97,0.266666667,2/23/2024,,,,,,,,
ORD01840,Fruits & Veggies,Fresh Fruits,East,Cumbum,Andhra Pradesh,2762,1859.27,11,902.73,32.68,0.335,6/29/2022,,,,,,,,
ORD01841,Bakery,Cakes,South,Dharmavaram,Andhra Pradesh,2761,2035.98,11,725.02,26.26,0.126666667,12/22/2023,,,,,,,,
ORD01842,Fruits & Veggies,Organic Vegetables,West,Ballari,Andhra Pradesh,2760,2184.56,11,575.44,20.85,0.175,9/7/2024,,,,,,,,
ORD01843,"Eggs, Meat & Fish",Fish,East,Nelluru,Andhra Pradesh,2757,1785.98,11,971.02,35.22,0.265,12/28/2023,,,,,,,,
ORD01844,Oil & Masala,Edible Oil & Ghee,East,Thanda,Andhra Pradesh,2755,2300.12,11,454.88,16.51,0.31,2/20/2023,,,,,,,,
ORD01845,Food Grains,Dals & Pulses,Central,Prakasham,Andhra Pradesh,2733,2522,11,211,7.72,0.14,1/4/2022,,,,,,,,
ORD01846,Food Grains,Dals & Pulses,South,Vellore,Andhra Pradesh,2722,2225.34,11,496.66,18.25,0.17,10/4/2023,,,,,,,,
ORD01847,Oil & Masala,Edible Oil & Ghee,South,Viluppuram,Andhra Pradesh,2710,2199.54,11,510.46,18.84,0.255,1/16/2024,,,,,,,,
ORD01848,Snacks,Noodles,Central,Dharmavaram,Andhra Pradesh,2709,2176.24,11,532.76,19.67,0.266666667,4/10/2022,,,,,,,,
ORD01849,"Eggs, Meat & Fish",Fish,South,Prakasham,Andhra Pradesh,2705,2304.53,11,400.47,14.8,0.275,1/14/2024,,,,,,,,
ORD01850,Food Grains,Rice,West,Dhone,Andhra Pradesh,2692,2118.54,11,573.46,21.3,0.155,6/5/2023,,,,,,,,
ORD01851,Food Grains,Rice,South,Kodmur,Andhra Pradesh,2692,1960.35,11,731.65,27.18,0.185,10/8/2023,,,,,,,,
ORD01852,Fruits & Veggies,Organic Vegetables,Central,Thanda,Andhra Pradesh,2682,1691.02,11,990.98,36.95,0.12,11/5/2024,,,,,,,,
ORD01853,Food Grains,Dals & Pulses,Central,Guntur,Andhra Pradesh,2676,1835.58,11,840.42,31.41,0.215,5/18/2024,,,,,,,,
ORD01854,"Eggs, Meat & Fish",Chicken,South,Krishnagiri,Andhra Pradesh,2669,2143.36,11,525.64,19.69,0.205,2/24/2024,,,,,,,,
ORD01855,Beverages,Soft Drinks,South,Kadiri,Andhra Pradesh,2666,2215.79,11,450.21,16.89,0.25,4/1/2023,,,,,,,,
ORD01856,Oil & Masala,Masalas,Central,Adoni,Andhra Pradesh,2666,1640.4,11,1025.6,38.47,0.325,3/29/2023,,,,,,,,
ORD01857,"Eggs, Meat & Fish",Fish,South,Kadiri,Andhra Pradesh,2653,1503.55,11,1149.45,43.33,0.3,8/15/2023,,,,,,,,
ORD01858,Oil & Masala,Edible Oil & Ghee,East,Ongole,Andhra Pradesh,2652,2297,11,355,13.39,0.28,11/17/2024,,,,,,,,
ORD01859,Food Grains,Rice,South,Adoni,Andhra Pradesh,2648,1900.4,11,747.6,28.23,0.225,2/27/2024,,,,,,,,
ORD01860,Fruits & Veggies,Organic Fruits,Central,Vizag,Andhra Pradesh,2648,1961.9,11,686.1,25.91,0.226666667,4/19/2023,,,,,,,,
ORD01861,Snacks,Cookies,Central,Cumbum,Andhra Pradesh,2645,1650.14,11,994.86,37.61,0.17,3/17/2022,,,,,,,,
ORD01862,Beverages,Health Drinks,South,Anathapuram,Andhra Pradesh,2645,2155.91,11,489.09,18.49,0.203333333,11/26/2024,,,,,,,,
ORD01863,Fruits & Veggies,Organic Fruits,Central,Ongole,Andhra Pradesh,2644,1716.39,11,927.61,35.08,0.263333333,4/20/2022,,,,,,,,
ORD01864,Oil & Masala,Edible Oil & Ghee,South,Ongole,Andhra Pradesh,2640,2003.51,11,636.49,24.11,0.263333333,9/22/2024,,,,,,,,
ORD01865,Oil & Masala,Masalas,South,Ramanadhapuram,Andhra Pradesh,2624,1797.76,10,826.24,31.49,0.27,7/4/2024,,,,,,,,
ORD01866,"Eggs, Meat & Fish",Chicken,West,Nelluru,Andhra Pradesh,2617,2285.4,10,331.6,12.67,0.265,12/6/2022,,,,,,,,
ORD01867,Food Grains,Atta & Flour,South,Adoni,Andhra Pradesh,2613,2292.78,10,320.22,12.25,0.305,11/23/2022,,,,,,,,
ORD01868,"Eggs, Meat & Fish",Chicken,Central,Dharmavaram,Andhra Pradesh,2606,1988.9,10,617.1,23.68,0.185,7/10/2023,,,,,,,,
ORD01869,Bakery,Cakes,South,Cumbum,Andhra Pradesh,2598,1854.9,10,743.1,28.6,0.33,8/29/2023,,,,,,,,
ORD01870,"Eggs, Meat & Fish",Mutton,East,Markapur,Andhra Pradesh,2597,1727.38,10,869.62,33.49,0.13,3/7/2022,,,,,,,,
ORD01871,Beverages,Health Drinks,South,Dharmavaram,Andhra Pradesh,2596,1884.47,10,711.53,27.41,0.29,8/26/2023,,,,,,,,
ORD01872,"Eggs, Meat & Fish",Fish,Central,Vizag,Andhra Pradesh,2593,2156.61,10,436.39,16.83,0.275,7/24/2022,,,,,,,,
ORD01873,Fruits & Veggies,Organic Vegetables,East,Krishnagiri,Andhra Pradesh,2592,1842.49,10,749.51,28.92,0.22,6/12/2023,,,,,,,,
ORD01874,Fruits & Veggies,Fresh Vegetables,South,Kadiri,Andhra Pradesh,2592,2226.04,10,365.96,14.12,0.185,4/30/2024,,,,,,,,
ORD01875,Food Grains,Dals & Pulses,South,Nelluru,Andhra Pradesh,2584,1813.06,10,770.94,29.84,0.23,5/9/2022,,,,,,,,
ORD01876,Fruits & Veggies,Fresh Vegetables,East,Prakasham,Andhra Pradesh,2575,1842.97,10,732.03,28.43,0.31,10/10/2022,,,,,,,,
ORD01877,Food Grains,Atta & Flour,South,Kanyakumari,Andhra Pradesh,2571,1843.26,10,727.74,28.31,0.21,10/23/2023,,,,,,,,
ORD01878,Snacks,Chocolates,South,Anathapuram,Andhra Pradesh,2565,1701.5,10,863.5,33.66,0.31,3/1/2024,,,,,,,,
ORD01879,Bakery,Breads & Buns,West,Cumbum,Andhra Pradesh,2563,1922.09,10,640.91,25.01,0.125,12/10/2022,,,,,,,,
ORD01880,Fruits & Veggies,Organic Vegetables,South,Dhone,Andhra Pradesh,2562,1689.96,10,872.04,34.04,0.335,3/16/2024,,,,,,,,
ORD01881,Fruits & Veggies,Fresh Vegetables,Central,Ballari,Andhra Pradesh,2557,1957.5,10,599.5,23.45,0.206666667,6/23/2024,,,,,,,,
ORD01882,Snacks,Cookies,Central,Prakasham,Andhra Pradesh,2548,1937.72,10,610.28,23.95,0.27,5/9/2023,,,,,,,,
ORD01883,"Eggs, Meat & Fish",Chicken,South,Thanda,Andhra Pradesh,2544,1666.46,10,877.54,34.49,0.245,5/4/2023,,,,,,,,
ORD01884,Bakery,Biscuits,South,Nelluru,Andhra Pradesh,2535,1882.64,10,652.36,25.73,0.263333333,4/27/2023,,,,,,,,
ORD01885,"Eggs, Meat & Fish",Chicken,West,Anathapuram,Andhra Pradesh,2534,2143.54,10,390.46,15.41,0.265,2/18/2022,,,,,,,,
ORD01886,Snacks,Cookies,East,Adoni,Andhra Pradesh,2529,1733.94,10,795.06,31.44,0.25,5/13/2024,,,,,,,,
ORD01887,Food Grains,Atta & Flour,East,Nandyal,Andhra Pradesh,2526,1967.4,10,558.6,22.11,0.19,2/26/2024,,,,,,,,
ORD01888,Food Grains,Atta & Flour,East,Kadiri,Andhra Pradesh,2516,1841.37,10,674.63,26.81,0.115,8/18/2024,,,,,,,,
ORD01889,Fruits & Veggies,Organic Vegetables,South,Viluppuram,Andhra Pradesh,2514,1866.06,10,647.94,25.77,0.26,11/2/2023,,,,,,,,
ORD01890,Fruits & Veggies,Organic Fruits,West,Prakasham,Andhra Pradesh,2514,1597.31,10,916.69,36.46,0.165,10/18/2022,,,,,,,,
ORD01891,Food Grains,Dals & Pulses,West,Cumbum,Andhra Pradesh,2490,2149,10,341,13.69,0.315,5/24/2024,,,,,,,,
ORD01892,Food Grains,Rice,West,Thanda,Andhra Pradesh,2490,2053.25,10,436.75,17.54,0.27,1/17/2024,,,,,,,,
ORD01893,Oil & Masala,Masalas,South,Dharmavaram,Andhra Pradesh,2486,2237.4,10,248.6,10,0.34,2/27/2023,,,,,,,,
ORD01894,"Eggs, Meat & Fish",Fish,South,Nandyal,Andhra Pradesh,2485,1988,10,497,20,0.15,11/20/2024,,,,,,,,
ORD01895,Fruits & Veggies,Organic Fruits,East,Markapur,Andhra Pradesh,2484,2018.25,10,465.75,18.75,0.175,9/4/2022,,,,,,,,
ORD01896,Food Grains,Organic Staples,South,Vizag,Andhra Pradesh,2476,2206.2,10,269.8,10.9,0.22,4/17/2024,,,,,,,,
ORD01897,Food Grains,Organic Staples,West,Kodmur,Andhra Pradesh,2476,1591.03,10,884.97,35.74,0.186666667,3/27/2024,,,,,,,,
ORD01898,"Eggs, Meat & Fish",Eggs,South,Markapur,Andhra Pradesh,2475,1559.25,10,915.75,37,0.31,2/6/2022,,,,,,,,
ORD01899,Oil & Masala,Masalas,South,Ongole,Andhra Pradesh,2472,1819.65,10,652.35,26.39,0.23,12/16/2024,,,,,,,,
ORD01900,Food Grains,Atta & Flour,Central,Ballari,Andhra Pradesh,2461,1771.92,10,689.08,28,0.18,1/3/2024,,,,,,,,
ORD01901,Oil & Masala,Spices,South,Anathapuram,Andhra Pradesh,2460,1722,10,738,30,0.15,10/26/2024,,,,,,,,
ORD01902,Food Grains,Atta & Flour,South,Ongole,Andhra Pradesh,2459,1656.93,10,802.07,32.62,0.195,12/29/2022,,,,,,,,
ORD01903,Oil & Masala,Edible Oil & Ghee,Central,Ballari,Andhra Pradesh,2458,2127.26,10,330.74,13.46,0.255,11/18/2022,,,,,,,,
ORD01904,Fruits & Veggies,Organic Fruits,South,Ramanadhapuram,Andhra Pradesh,2449,1763.28,10,685.72,28,0.12,12/1/2023,,,,,,,,
ORD01905,"Eggs, Meat & Fish",Fish,South,Ongole,Andhra Pradesh,2444,1930.76,10,513.24,21,0.23,12/4/2024,,,,,,,,
ORD01906,Bakery,Biscuits,Central,Kurnool,Andhra Pradesh,2433,1735.21,10,697.79,28.68,0.21,8/30/2023,,,,,,,,
ORD01907,Fruits & Veggies,Fresh Vegetables,South,Kanyakumari,Andhra Pradesh,2430,1725.3,10,704.7,29,0.33,2/4/2022,,,,,,,,
ORD01908,Food Grains,Rice,East,Anathapuram,Andhra Pradesh,2428,2015.24,10,412.76,17,0.26,3/26/2023,,,,,,,,
ORD01909,Bakery,Biscuits,South,Vellore,Andhra Pradesh,2416,2174.4,10,241.6,10,0.23,7/1/2024,,,,,,,,
ORD01910,"Eggs, Meat & Fish",Mutton,South,Nelluru,Andhra Pradesh,2416,2169.78,10,246.22,10.19,0.18,6/22/2022,,,,,,,,
ORD01911,"Eggs, Meat & Fish",Chicken,South,Eluru,Andhra Pradesh,2414,2062.85,10,351.15,14.55,0.26,1/12/2024,,,,,,,,
ORD01912,Fruits & Veggies,Organic Fruits,South,Dharmavaram,Andhra Pradesh,2401,1416.59,10,984.41,41,0.14,5/25/2022,,,,,,,,
ORD01913,Food Grains,Dals & Pulses,South,Dhone,Andhra Pradesh,2386,1919.8,10,466.2,19.54,0.25,7/23/2023,,,,,,,,
ORD01914,Food Grains,Dals & Pulses,South,Kurnool,Andhra Pradesh,2385,1574.1,10,810.9,34,0.19,9/2/2022,,,,,,,,
ORD01915,Beverages,Soft Drinks,South,Ramanadhapuram,Andhra Pradesh,2380,1588.71,10,791.29,33.25,0.185,1/25/2023,,,,,,,,
ORD01916,Fruits & Veggies,Fresh Fruits,East,Kurnool,Andhra Pradesh,2379,1848.15,10,530.85,22.31,0.186666667,6/9/2022,,,,,,,,
ORD01917,Fruits & Veggies,Organic Fruits,East,Viluppuram,Andhra Pradesh,2378,1650.2,10,727.8,30.61,0.156666667,4/17/2024,,,,,,,,
ORD01918,Food Grains,Dals & Pulses,East,Dhone,Andhra Pradesh,2377,1711.44,10,665.56,28,0.14,11/18/2023,,,,,,,,
ORD01919,"Eggs, Meat & Fish",Fish,West,Ongole,Andhra Pradesh,2375,1948.32,10,426.68,17.97,0.285,10/24/2023,,,,,,,,
ORD01920,"Eggs, Meat & Fish",Mutton,South,Prakasham,Andhra Pradesh,2365,1336.63,9,1028.37,43.48,0.17,3/10/2022,,,,,,,,
ORD01921,"Eggs, Meat & Fish",Chicken,South,Kanyakumari,Andhra Pradesh,2357,1777.82,9,579.18,24.57,0.19,12/4/2022,,,,,,,,
ORD01922,Oil & Masala,Spices,South,Thanda,Andhra Pradesh,2357,1417.69,9,939.31,39.85,0.19,8/27/2024,,,,,,,,
ORD01923,"Eggs, Meat & Fish",Mutton,Central,Ballari,Andhra Pradesh,2340,1848.6,9,491.4,21,0.25,4/1/2024,,,,,,,,
ORD01924,"Eggs, Meat & Fish",Mutton,East,Vellore,Andhra Pradesh,2337,1799.49,9,537.51,23,0.21,10/13/2024,,,,,,,,
ORD01925,"Eggs, Meat & Fish",Fish,West,Kadiri,Andhra Pradesh,2336,1587.13,9,748.87,32.06,0.225,10/9/2024,,,,,,,,
ORD01926,"Eggs, Meat & Fish",Chicken,South,Dharmavaram,Andhra Pradesh,2324,1401.63,9,922.37,39.69,0.23,2/27/2024,,,,,,,,
ORD01927,"Eggs, Meat & Fish",Fish,West,Adoni,Andhra Pradesh,2318,2016.66,9,301.34,13,0.14,12/17/2023,,,,,,,,
ORD01928,Food Grains,Rice,Central,Dharmavaram,Andhra Pradesh,2312,1964.89,9,347.11,15.01,0.2,11/19/2022,,,,,,,,
ORD01929,Fruits & Veggies,Organic Vegetables,Central,Markapur,Andhra Pradesh,2312,1780.24,9,531.76,23,0.33,6/3/2024,,,,,,,,
ORD01930,Bakery,Cakes,Central,Vizag,Andhra Pradesh,2307,1914.06,9,392.94,17.03,0.205,7/6/2022,,,,,,,,
ORD01931,"Eggs, Meat & Fish",Fish,West,Nandyal,Andhra Pradesh,2306,1794.5,9,511.5,22.18,0.225,3/2/2023,,,,,,,,
ORD01932,"Eggs, Meat & Fish",Mutton,West,Viluppuram,Andhra Pradesh,2306,1858,9,448,19.43,0.24,12/9/2024,,,,,,,,
ORD01933,"Eggs, Meat & Fish",Chicken,West,Eluru,Andhra Pradesh,2304,2065.28,9,238.72,10.36,0.275,2/5/2024,,,,,,,,
ORD01934,Food Grains,Dals & Pulses,South,Krishnagiri,Andhra Pradesh,2291,1832.8,9,458.2,20,0.14,5/24/2022,,,,,,,,
ORD01935,Fruits & Veggies,Organic Vegetables,South,Cumbum,Andhra Pradesh,2285,1508.1,9,776.9,34,0.35,6/10/2024,,,,,,,,
ORD01936,Food Grains,Atta & Flour,South,Ballari,Andhra Pradesh,2284,2169.8,9,114.2,5,0.18,1/9/2024,,,,,,,,
ORD01937,"Eggs, Meat & Fish",Fish,Central,Viluppuram,Andhra Pradesh,2283,2083.9,9,199.1,8.72,0.245,5/16/2022,,,,,,,,
ORD01938,Bakery,Biscuits,Central,Markapur,Andhra Pradesh,2283,1804.24,9,478.76,20.97,0.14,11/13/2023,,,,,,,,
ORD01939,Oil & Masala,Spices,South,Eluru,Andhra Pradesh,2280,1960.8,9,319.2,14,0.17,9/16/2023,,,,,,,,
ORD01940,Food Grains,Atta & Flour,Central,Guntur,Andhra Pradesh,2272,1938.12,9,333.88,14.7,0.23,10/15/2023,,,,,,,,
ORD01941,Fruits & Veggies,Fresh Fruits,South,Kodmur,Andhra Pradesh,2270,1444.78,9,825.22,36.35,0.265,5/4/2023,,,,,,,,
ORD01942,Snacks,Noodles,South,Nandyal,Andhra Pradesh,2264,1743.28,9,520.72,23,0.33,8/4/2023,,,,,,,,
ORD01943,Food Grains,Atta & Flour,East,Krishnagiri,Andhra Pradesh,2258,1558.02,9,699.98,31,0.18,12/9/2022,,,,,,,,
ORD01944,Fruits & Veggies,Organic Vegetables,South,Prakasham,Andhra Pradesh,2256,1692,9,564,25,0.16,3/3/2024,,,,,,,,
ORD01945,Fruits & Veggies,Fresh Fruits,Central,Nelluru,Andhra Pradesh,2244,1683,9,561,25,0.29,4/11/2023,,,,,,,,
ORD01946,"Eggs, Meat & Fish",Eggs,Central,Markapur,Andhra Pradesh,2232,1440,9,792,35.48,0.215,8/25/2024,,,,,,,,
ORD01947,Food Grains,Dals & Pulses,East,Kadiri,Andhra Pradesh,2232,1428.48,9,803.52,36,0.14,6/8/2023,,,,,,,,
ORD01948,Fruits & Veggies,Organic Vegetables,Central,Cumbum,Andhra Pradesh,2224,1979.36,9,244.64,11,0.29,9/5/2023,,,,,,,,
ORD01949,Food Grains,Rice,West,Ramanadhapuram,Andhra Pradesh,2223,1803.73,9,419.27,18.86,0.3,6/4/2023,,,,,,,,
ORD01950,Food Grains,Rice,Central,Kadiri,Andhra Pradesh,2222,1955.36,9,266.64,12,0.3,8/27/2022,,,,,,,,
ORD01951,Bakery,Biscuits,Central,Ballari,Andhra Pradesh,2209,1723.81,9,485.19,21.96,0.235,8/2/2022,,,,,,,,
ORD01952,"Eggs, Meat & Fish",Mutton,South,Anathapuram,Andhra Pradesh,2208,1420.38,9,787.62,35.67,0.245,5/3/2023,,,,,,,,
ORD01953,Food Grains,Dals & Pulses,Central,Ramanadhapuram,Andhra Pradesh,2205,1803.87,9,401.13,18.19,0.185,2/21/2022,,,,,,,,
ORD01954,Oil & Masala,Edible Oil & Ghee,South,Krishnagiri,Andhra Pradesh,2203,1687.62,9,515.38,23.39,0.183333333,1/13/2022,,,,,,,,
ORD01955,"Eggs, Meat & Fish",Fish,Central,Kadiri,Andhra Pradesh,2194,1737.46,9,456.54,20.81,0.295,5/13/2024,,,,,,,,
ORD01956,Food Grains,Atta & Flour,South,Kurnool,Andhra Pradesh,2190,1543.9,9,646.1,29.5,0.215,2/18/2024,,,,,,,,
ORD01957,"Eggs, Meat & Fish",Chicken,Central,Ballari,Andhra Pradesh,2187,1949.85,9,237.15,10.84,0.29,6/11/2024,,,,,,,,
ORD01958,Bakery,Cakes,West,Krishnagiri,Andhra Pradesh,2186,2011.12,9,174.88,8,0.16,10/26/2024,,,,,,,,
ORD01959,Fruits & Veggies,Fresh Fruits,East,Ongole,Andhra Pradesh,2181,1706.9,9,474.1,21.74,0.26,4/27/2024,,,,,,,,
ORD01960,Fruits & Veggies,Organic Vegetables,South,Vizag,Andhra Pradesh,2179,1676.56,9,502.44,23.06,0.325,1/3/2022,,,,,,,,
ORD01961,Oil & Masala,Edible Oil & Ghee,South,Prakasham,Andhra Pradesh,2177,1393.28,9,783.72,36,0.35,11/29/2023,,,,,,,,
ORD01962,Food Grains,Rice,West,Guntur,Andhra Pradesh,2171,1806.76,9,364.24,16.78,0.195,9/2/2022,,,,,,,,
ORD01963,Fruits & Veggies,Fresh Vegetables,South,Viluppuram,Andhra Pradesh,2167,1971.97,9,195.03,9,0.12,6/18/2023,,,,,,,,
ORD01964,Oil & Masala,Edible Oil & Ghee,East,Nandyal,Andhra Pradesh,2163,1492.47,9,670.53,31,0.26,11/24/2022,,,,,,,,
ORD01965,Beverages,Soft Drinks,East,Vizag,Andhra Pradesh,2162,1924.18,9,237.82,11,0.2,12/7/2024,,,,,,,,
ORD01966,Food Grains,Rice,South,Eluru,Andhra Pradesh,2155,1400.75,9,754.25,35,0.12,9/17/2024,,,,,,,,
ORD01967,Fruits & Veggies,Fresh Fruits,South,Kadiri,Andhra Pradesh,2154,2003.22,9,150.78,7,0.23,9/14/2023,,,,,,,,
ORD01968,Fruits & Veggies,Fresh Fruits,West,Dharmavaram,Andhra Pradesh,2151,1687.83,9,463.17,21.53,0.275,5/18/2022,,,,,,,,
ORD01969,Fruits & Veggies,Fresh Vegetables,East,Kurnool,Andhra Pradesh,2149,1525.79,9,623.21,29,0.17,1/20/2024,,,,,,,,
ORD01970,Food Grains,Organic Staples,South,Kodmur,Andhra Pradesh,2145,1311.63,9,833.37,38.85,0.26,6/4/2023,,,,,,,,
ORD01971,"Eggs, Meat & Fish",Fish,West,Guntur,Andhra Pradesh,2138,1342.86,9,795.14,37.19,0.245,6/15/2023,,,,,,,,
ORD01972,Bakery,Cakes,Central,Guntur,Andhra Pradesh,2132,1483.21,9,648.79,30.43,0.215,6/1/2022,,,,,,,,
ORD01973,Snacks,Chocolates,South,Dharmavaram,Andhra Pradesh,2132,1513.72,9,618.28,29,0.11,2/20/2022,,,,,,,,
ORD01974,Oil & Masala,Spices,South,Kadiri,Andhra Pradesh,2129,1469.01,9,659.99,31,0.25,6/29/2022,,,,,,,,
ORD01975,"Eggs, Meat & Fish",Mutton,Central,Anathapuram,Andhra Pradesh,2126,1785.84,9,340.16,16,0.28,9/2/2023,,,,,,,,
ORD01976,Food Grains,Organic Staples,South,Dharmavaram,Andhra Pradesh,2117,1566.58,8,550.42,26,0.33,10/10/2023,,,,,,,,
ORD01977,Food Grains,Rice,Central,Kodmur,Andhra Pradesh,2108,1454.52,8,653.48,31,0.13,6/27/2022,,,,,,,,
ORD01978,Beverages,Health Drinks,South,Kurnool,Andhra Pradesh,2104,1483.78,8,620.22,29.48,0.24,9/21/2023,,,,,,,,
ORD01979,Snacks,Cookies,Central,Anathapuram,Andhra Pradesh,2104,1473.26,8,630.74,29.98,0.23,8/14/2022,,,,,,,,
ORD01980,"Eggs, Meat & Fish",Eggs,South,Visakhapatnam,Andhra Pradesh,2103,1488.81,8,614.19,29.21,0.275,4/26/2022,,,,,,,,
ORD01981,Fruits & Veggies,Organic Fruits,South,Vellore,Andhra Pradesh,2100,1556.1,8,543.9,25.9,0.245,5/3/2022,,,,,,,,
ORD01982,Oil & Masala,Edible Oil & Ghee,South,Kurnool,Andhra Pradesh,2098,1589.16,8,508.84,24.25,0.203333333,9/17/2024,,,,,,,,
ORD01983,"Eggs, Meat & Fish",Eggs,Central,Guntur,Andhra Pradesh,2098,1697.84,8,400.16,19.07,0.25,10/27/2023,,,,,,,,
ORD01984,Bakery,Cakes,East,Viluppuram,Andhra Pradesh,2097,1384.02,8,712.98,34,0.1,1/15/2024,,,,,,,,
ORD01985,Fruits & Veggies,Fresh Vegetables,South,Nandyal,Andhra Pradesh,2091,1254.6,8,836.4,40,0.21,3/3/2023,,,,,,,,
ORD01986,"Eggs, Meat & Fish",Eggs,South,Prakasham,Andhra Pradesh,2075,1821.22,8,253.78,12.23,0.155,12/2/2024,,,,,,,,
ORD01987,Fruits & Veggies,Fresh Fruits,South,Ballari,Andhra Pradesh,2070,1706.5,8,363.5,17.56,0.31,1/26/2024,,,,,,,,
ORD01988,Food Grains,Rice,West,Adoni,Andhra Pradesh,2063,1134.65,8,928.35,45,0.31,10/10/2023,,,,,,,,
ORD01989,Oil & Masala,Spices,South,Prakasham,Andhra Pradesh,2063,1753.55,8,309.45,15,0.2,10/16/2024,,,,,,,,
ORD01990,Fruits & Veggies,Fresh Fruits,East,Ramanadhapuram,Andhra Pradesh,2062,1711.46,8,350.54,17,0.25,3/6/2022,,,,,,,,
ORD01991,Food Grains,Rice,South,Markapur,Andhra Pradesh,2060,1648,8,412,20,0.24,6/4/2023,,,,,,,,
ORD01992,"Eggs, Meat & Fish",Chicken,East,Markapur,Andhra Pradesh,2059,1350.58,8,708.42,34.41,0.21,8/30/2022,,,,,,,,
ORD01993,Fruits & Veggies,Fresh Fruits,West,Prakasham,Andhra Pradesh,2052,1611.42,8,440.58,21.47,0.175,2/8/2024,,,,,,,,
ORD01994,Snacks,Chocolates,West,Nelluru,Andhra Pradesh,2050,1373.5,8,676.5,33,0.12,7/23/2024,,,,,,,,
ORD01995,Snacks,Cookies,Central,Thanda,Andhra Pradesh,2042,1513.12,8,528.88,25.9,0.265,3/3/2024,,,,,,,,
ORD01996,"Eggs, Meat & Fish",Chicken,South,Cumbum,Andhra Pradesh,2038,1446.98,8,591.02,29,0.2,4/3/2023,,,,,,,,
ORD01997,Fruits & Veggies,Fresh Vegetables,West,Dhone,Andhra Pradesh,2024,1346.02,8,677.98,33.5,0.175,12/21/2022,,,,,,,,
ORD01998,Fruits & Veggies,Organic Fruits,South,Viluppuram,Andhra Pradesh,2011,1699.7,8,311.3,15.48,0.145,11/17/2022,,,,,,,,
ORD01999,Snacks,Cookies,South,Adoni,Andhra Pradesh,2004,1395.2,8,608.8,30.38,0.19,2/26/2024,,,,,,,,
ORD02000,Fruits & Veggies,Organic Vegetables,West,Kadiri,Andhra Pradesh,2002,1604.24,8,397.76,19.87,0.23,6/23/2022,,,,,,,,
ORD02001,Fruits & Veggies,Organic Fruits,Central,Anathapuram,Andhra Pradesh,1995,1436.4,8,558.6,28,0.33,10/22/2023,,,,,,,,
ORD02002,Food Grains,Atta & Flour,Central,Cumbum,Andhra Pradesh,1987,1430.64,8,556.36,28,0.14,2/9/2022,,,,,,,,
ORD02003,Food Grains,Atta & Flour,South,Nelluru,Andhra Pradesh,1977,1442.25,8,534.75,27.05,0.205,9/26/2023,,,,,,,,
ORD02004,Fruits & Veggies,Fresh Fruits,South,Dhone,Andhra Pradesh,1959,1645.56,8,313.44,16,0.11,5/16/2022,,,,,,,,
ORD02005,Fruits & Veggies,Fresh Vegetables,South,Visakhapatnam,Andhra Pradesh,1950,1236.78,8,713.22,36.58,0.245,1/7/2022,,,,,,,,
ORD02006,Snacks,Noodles,South,Viluppuram,Andhra Pradesh,1948,1378.36,8,569.64,29.24,0.155,4/25/2023,,,,,,,,
ORD02007,Bakery,Cakes,South,Guntur,Andhra Pradesh,1944,1632.96,8,311.04,16,0.28,12/10/2022,,,,,,,,
ORD02008,Bakery,Biscuits,Central,Thanda,Andhra Pradesh,1938,1321.41,8,616.59,31.82,0.275,1/15/2023,,,,,,,,
ORD02009,"Eggs, Meat & Fish",Chicken,East,Vizag,Andhra Pradesh,1937,1642.13,8,294.87,15.22,0.26,2/14/2023,,,,,,,,
ORD02010,Food Grains,Rice,South,Vizag,Andhra Pradesh,1931,1589.55,8,341.45,17.68,0.22,1/16/2024,,,,,,,,
ORD02011,Oil & Masala,Masalas,South,Visakhapatnam,Andhra Pradesh,1904,1713.6,8,190.4,10,0.12,6/2/2023,,,,,,,,
ORD02012,Food Grains,Organic Staples,South,Viluppuram,Andhra Pradesh,1900,1425,8,475,25,0.28,9/5/2024,,,,,,,,
ORD02013,Fruits & Veggies,Fresh Vegetables,Central,Dhone,Andhra Pradesh,1899,1405.26,8,493.74,26,0.32,6/17/2022,,,,,,,,
ORD02014,"Eggs, Meat & Fish",Eggs,South,Krishnagiri,Andhra Pradesh,1896,1042.8,8,853.2,45,0.12,5/10/2023,,,,,,,,
ORD02015,Oil & Masala,Spices,South,Nandyal,Andhra Pradesh,1890,1281.1,8,608.9,32.22,0.315,9/2/2024,,,,,,,,
ORD02016,"Eggs, Meat & Fish",Mutton,South,Kurnool,Andhra Pradesh,1884,1299.96,8,584.04,31,0.19,12/14/2023,,,,,,,,
ORD02017,Snacks,Noodles,South,Dharmavaram,Andhra Pradesh,1881,1561.23,8,319.77,17,0.23,8/5/2023,,,,,,,,
ORD02018,"Eggs, Meat & Fish",Mutton,Central,Dharmavaram,Andhra Pradesh,1879,1672.31,8,206.69,11,0.2,9/24/2022,,,,,,,,
ORD02019,Fruits & Veggies,Organic Fruits,East,Kadiri,Andhra Pradesh,1868,1120.8,7,747.2,40,0.35,5/19/2023,,,,,,,,
ORD02020,Beverages,Soft Drinks,Central,Vizag,Andhra Pradesh,1861,1343.48,7,517.52,27.81,0.245,10/3/2023,,,,,,,,
ORD02021,Oil & Masala,Masalas,South,Viluppuram,Andhra Pradesh,1859,1412.84,7,446.16,24,0.22,8/3/2024,,,,,,,,
ORD02022,Food Grains,Dals & Pulses,Central,Markapur,Andhra Pradesh,1855,1654.72,7,200.28,10.8,0.145,6/6/2023,,,,,,,,
ORD02023,Bakery,Cakes,South,Anathapuram,Andhra Pradesh,1843,1105.8,7,737.2,40,0.33,9/21/2023,,,,,,,,
ORD02024,Food Grains,Rice,South,Nelluru,Andhra Pradesh,1842,1363.08,7,478.92,26,0.26,7/31/2024,,,,,,,,
ORD02025,Food Grains,Dals & Pulses,South,Nandyal,Andhra Pradesh,1839,1655.1,7,183.9,10,0.19,6/15/2023,,,,,,,,
ORD02026,Food Grains,Organic Staples,South,Krishnagiri,Andhra Pradesh,1837,1083.83,7,753.17,41,0.31,11/29/2023,,,,,,,,
ORD02027,"Eggs, Meat & Fish",Chicken,South,Visakhapatnam,Andhra Pradesh,1836,1634.04,7,201.96,11,0.29,3/4/2023,,,,,,,,
ORD02028,Food Grains,Atta & Flour,Central,Eluru,Andhra Pradesh,1832,1514.94,7,317.06,17.31,0.235,8/25/2023,,,,,,,,
ORD02029,Fruits & Veggies,Fresh Vegetables,East,Dhone,Andhra Pradesh,1831,1702.83,7,128.17,7,0.34,9/14/2024,,,,,,,,
ORD02030,Snacks,Noodles,South,Kadiri,Andhra Pradesh,1827,1443.33,7,383.67,21,0.29,8/6/2022,,,,,,,,
ORD02031,Bakery,Cakes,South,Markapur,Andhra Pradesh,1818,1345.32,7,472.68,26,0.14,4/12/2023,,,,,,,,
ORD02032,Oil & Masala,Spices,Central,Visakhapatnam,Andhra Pradesh,1810,1502.3,7,307.7,17,0.29,7/24/2024,,,,,,,,
ORD02033,Food Grains,Organic Staples,South,Prakasham,Andhra Pradesh,1809,1299.73,7,509.27,28.15,0.225,11/19/2023,,,,,,,,
ORD02034,Snacks,Chocolates,Central,Ballari,Andhra Pradesh,1805,1076.6,7,728.4,40.35,0.225,6/1/2022,,,,,,,,
ORD02035,Oil & Masala,Masalas,South,Dhone,Andhra Pradesh,1797,1275.87,7,521.13,29,0.19,1/23/2022,,,,,,,,
ORD02036,Food Grains,Rice,Central,Adoni,Andhra Pradesh,1792,1164.8,7,627.2,35,0.22,1/5/2022,,,,,,,,
ORD02037,Food Grains,Organic Staples,East,Dharmavaram,Andhra Pradesh,1784,1294.13,7,489.87,27.46,0.235,5/25/2024,,,,,,,,
ORD02038,Oil & Masala,Spices,Central,Dharmavaram,Andhra Pradesh,1778,1444.13,7,333.87,18.78,0.205,8/3/2024,,,,,,,,
ORD02039,Food Grains,Dals & Pulses,East,Nelluru,Andhra Pradesh,1763,1040.17,7,722.83,41,0.14,9/7/2023,,,,,,,,
ORD02040,Fruits & Veggies,Organic Fruits,Central,Nandyal,Andhra Pradesh,1749,1206.81,7,542.19,31,0.32,3/8/2023,,,,,,,,
ORD02041,Bakery,Biscuits,West,Prakasham,Andhra Pradesh,1746,1310.56,7,435.44,24.94,0.245,2/13/2022,,,,,,,,
ORD02042,"Eggs, Meat & Fish",Chicken,East,Dharmavaram,Andhra Pradesh,1737,1533.73,7,203.27,11.7,0.21,9/5/2023,,,,,,,,
ORD02043,"Eggs, Meat & Fish",Mutton,South,Kodmur,Andhra Pradesh,1733,1299.75,7,433.25,25,0.17,12/15/2023,,,,,,,,
ORD02044,Food Grains,Rice,South,Vellore,Andhra Pradesh,1719,1564.29,7,154.71,9,0.25,11/11/2023,,,,,,,,
ORD02045,Food Grains,Dals & Pulses,South,Cumbum,Andhra Pradesh,1718,1460.3,7,257.7,15,0.13,5/17/2023,,,,,,,,
ORD02046,Fruits & Veggies,Fresh Vegetables,East,Adoni,Andhra Pradesh,1714,1448.46,7,265.54,15.49,0.15,11/8/2022,,,,,,,,
ORD02047,Snacks,Chocolates,South,Kanyakumari,Andhra Pradesh,1709,1093.76,7,615.24,36,0.28,1/10/2023,,,,,,,,
ORD02048,Bakery,Biscuits,South,Kadiri,Andhra Pradesh,1703,1171.53,7,531.47,31.21,0.205,4/27/2023,,,,,,,,
ORD02049,Fruits & Veggies,Organic Vegetables,South,Thanda,Andhra Pradesh,1699,1580.07,7,118.93,7,0.35,11/22/2023,,,,,,,,
ORD02050,Fruits & Veggies,Organic Fruits,East,Cumbum,Andhra Pradesh,1691,1385.18,7,305.82,18.09,0.205,1/13/2024,,,,,,,,
ORD02051,Fruits & Veggies,Organic Fruits,Central,Cumbum,Andhra Pradesh,1689,1329.3,7,359.7,21.3,0.275,9/7/2023,,,,,,,,
ORD02052,Bakery,Cakes,Central,Eluru,Andhra Pradesh,1685,1314.11,7,370.89,22.01,0.235,5/19/2023,,,,,,,,
ORD02053,Food Grains,Rice,South,Kadiri,Andhra Pradesh,1665,1206.3,7,458.7,27.55,0.285,10/21/2022,,,,,,,,
ORD02054,Fruits & Veggies,Organic Fruits,South,Kodmur,Andhra Pradesh,1664,1256.32,7,407.68,24.5,0.175,8/23/2022,,,,,,,,
ORD02055,Oil & Masala,Masalas,South,Nelluru,Andhra Pradesh,1662,1263.12,7,398.88,24,0.33,2/20/2023,,,,,,,,
ORD02056,"Eggs, Meat & Fish",Fish,South,Vizag,Andhra Pradesh,1660,1560.4,7,99.6,6,0.25,4/7/2022,,,,,,,,
ORD02057,Oil & Masala,Spices,South,Adoni,Andhra Pradesh,1659,1448.91,7,210.09,12.66,0.145,5/11/2024,,,,,,,,
ORD02058,Food Grains,Dals & Pulses,South,Adoni,Andhra Pradesh,1656,1490.4,7,165.6,10,0.23,12/4/2023,,,,,,,,
ORD02059,Fruits & Veggies,Fresh Fruits,Central,Kanyakumari,Andhra Pradesh,1654,1222.88,7,431.12,26.07,0.135,1/13/2022,,,,,,,,
ORD02060,Fruits & Veggies,Fresh Fruits,South,Kurnool,Andhra Pradesh,1644,1217.44,7,426.56,25.95,0.16,9/7/2022,,,,,,,,
ORD02061,"Eggs, Meat & Fish",Eggs,South,Kadiri,Andhra Pradesh,1640,1525.2,7,114.8,7,0.24,11/16/2022,,,,,,,,
ORD02062,Oil & Masala,Spices,South,Visakhapatnam,Andhra Pradesh,1639,1409.48,7,229.52,14,0.195,1/24/2024,,,,,,,,
ORD02063,Snacks,Chocolates,South,Markapur,Andhra Pradesh,1631,1158.01,7,472.99,29,0.29,2/18/2024,,,,,,,,
ORD02064,Food Grains,Atta & Flour,East,Thanda,Andhra Pradesh,1625,942.5,6,682.5,42,0.2,11/5/2023,,,,,,,,
ORD02065,Fruits & Veggies,Fresh Vegetables,Central,Ramanadhapuram,Andhra Pradesh,1620,972,6,648,40,0.15,3/30/2024,,,,,,,,
ORD02066,Fruits & Veggies,Organic Fruits,Central,Vellore,Andhra Pradesh,1611,1353.24,6,257.76,16,0.11,5/22/2024,,,,,,,,
ORD02067,Fruits & Veggies,Fresh Vegetables,Central,Nandyal,Andhra Pradesh,1610,1046.5,6,563.5,35,0.23,1/15/2024,,,,,,,,
ORD02068,Fruits & Veggies,Fresh Fruits,West,Viluppuram,Andhra Pradesh,1610,885.5,6,724.5,45,0.11,9/2/2023,,,,,,,,
ORD02069,"Eggs, Meat & Fish",Mutton,Central,Guntur,Andhra Pradesh,1605,1011.15,6,593.85,37,0.17,2/9/2023,,,,,,,,
ORD02070,Fruits & Veggies,Fresh Vegetables,South,Thanda,Andhra Pradesh,1604,1026.56,6,577.44,36,0.31,1/22/2022,,,,,,,,
ORD02071,Fruits & Veggies,Organic Vegetables,South,Visakhapatnam,Andhra Pradesh,1597,894.32,6,702.68,44,0.31,6/7/2024,,,,,,,,
ORD02072,Oil & Masala,Edible Oil & Ghee,South,Dharmavaram,Andhra Pradesh,1580,1361,6,219,13.86,0.235,8/6/2024,,,,,,,,
ORD02073,Food Grains,Organic Staples,Central,Viluppuram,Andhra Pradesh,1580,1422,6,158,10,0.1,6/22/2023,,,,,,,,
ORD02074,Oil & Masala,Spices,South,Ramanadhapuram,Andhra Pradesh,1580,1212.2,6,367.8,23.28,0.28,7/13/2023,,,,,,,,
ORD02075,Fruits & Veggies,Fresh Fruits,South,Cumbum,Andhra Pradesh,1558,1339.88,6,218.12,14,0.16,5/13/2024,,,,,,,,
ORD02076,"Eggs, Meat & Fish",Fish,Central,Ramanadhapuram,Andhra Pradesh,1552,1443.36,6,108.64,7,0.28,6/25/2022,,,,,,,,
ORD02077,"Eggs, Meat & Fish",Chicken,South,Vizag,Andhra Pradesh,1520,836,6,684,45,0.33,8/23/2022,,,,,,,,
ORD02078,Fruits & Veggies,Organic Vegetables,West,Ramanadhapuram,Andhra Pradesh,1491,1133.16,6,357.84,24,0.26,3/14/2024,,,,,,,,
ORD02079,"Eggs, Meat & Fish",Eggs,Central,Vizag,Andhra Pradesh,1485,1054.35,6,430.65,29,0.26,4/10/2022,,,,,,,,
ORD02080,Food Grains,Organic Staples,South,Kadiri,Andhra Pradesh,1478,1226.74,6,251.26,17,0.12,10/1/2023,,,,,,,,
ORD02081,Fruits & Veggies,Fresh Fruits,Central,Ballari,Andhra Pradesh,1442,922.88,6,519.12,36,0.34,10/6/2024,,,,,,,,
ORD02082,"Eggs, Meat & Fish",Chicken,South,Ongole,Andhra Pradesh,1442,1225.7,6,216.3,15,0.18,1/26/2024,,,,,,,,
ORD02083,Food Grains,Dals & Pulses,South,Ramanadhapuram,Andhra Pradesh,1430,1172.6,6,257.4,18,0.12,9/24/2024,,,,,,,,
ORD02084,"Eggs, Meat & Fish",Chicken,South,Kadiri,Andhra Pradesh,1408,1140.48,6,267.52,19,0.22,8/8/2022,,,,,,,,
ORD02085,Food Grains,Rice,South,Anathapuram,Andhra Pradesh,1406,970.14,6,435.86,31,0.17,12/20/2022,,,,,,,,
ORD02086,Snacks,Cookies,South,Nandyal,Andhra Pradesh,1390,889.6,6,500.4,36,0.32,12/8/2023,,,,,,,,
ORD02087,Snacks,Chocolates,West,Dharmavaram,Andhra Pradesh,1390,1264.9,6,125.1,9,0.13,1/10/2023,,,,,,,,
ORD02088,Food Grains,Dals & Pulses,Central,Adoni,Andhra Pradesh,1384,899.6,6,484.4,35,0.26,10/24/2023,,,,,,,,
ORD02089,"Eggs, Meat & Fish",Chicken,South,Kodmur,Andhra Pradesh,1378,1102.4,6,275.6,20,0.3,1/11/2024,,,,,,,,
ORD02090,Bakery,Biscuits,Central,Ongole,Andhra Pradesh,1376,853.12,6,522.88,38,0.31,3/29/2024,,,,,,,,
ORD02091,"Eggs, Meat & Fish",Mutton,Central,Viluppuram,Andhra Pradesh,1371,1179.06,5,191.94,14,0.25,10/2/2023,,,,,,,,
ORD02092,Oil & Masala,Spices,Central,Adoni,Andhra Pradesh,1364,1132.12,5,231.88,17,0.15,2/18/2023,,,,,,,,
ORD02093,"Eggs, Meat & Fish",Fish,South,Adoni,Andhra Pradesh,1362,981.25,5,380.75,27.96,0.17,4/2/2022,,,,,,,,
ORD02094,Food Grains,Rice,East,Guntur,Andhra Pradesh,1357,943.13,5,413.87,30.5,0.27,12/22/2024,,,,,,,,
ORD02095,Bakery,Biscuits,Central,Ramanadhapuram,Andhra Pradesh,1353,947.1,5,405.9,30,0.29,4/9/2023,,,,,,,,
ORD02096,"Eggs, Meat & Fish",Mutton,West,Vizag,Andhra Pradesh,1348,1124.52,5,223.48,16.58,0.195,11/15/2022,,,,,,,,
ORD02097,Fruits & Veggies,Fresh Fruits,West,Vellore,Andhra Pradesh,1344,1209.6,5,134.4,10,0.19,8/15/2022,,,,,,,,
ORD02098,Snacks,Noodles,Central,Ramanadhapuram,Andhra Pradesh,1343,996.38,5,346.62,25.81,0.265,4/28/2022,,,,,,,,
ORD02099,Fruits & Veggies,Organic Vegetables,South,Krishnagiri,Andhra Pradesh,1336,774.88,5,561.12,42,0.15,7/27/2024,,,,,,,,
ORD02100,Bakery,Breads & Buns,Central,Cumbum,Andhra Pradesh,1326,1109.46,5,216.54,16.33,0.225,11/14/2022,,,,,,,,
ORD02101,Food Grains,Organic Staples,South,Cumbum,Andhra Pradesh,1319,778.21,5,540.79,41,0.22,7/4/2024,,,,,,,,
ORD02102,Fruits & Veggies,Organic Vegetables,Central,Kanyakumari,Andhra Pradesh,1315,924.38,5,390.62,29.7,0.32,10/13/2023,,,,,,,,
ORD02103,Food Grains,Atta & Flour,Central,Nandyal,Andhra Pradesh,1305,1035.9,5,269.1,20.62,0.22,12/31/2022,,,,,,,,
ORD02104,"Eggs, Meat & Fish",Chicken,West,Ballari,Andhra Pradesh,1275,1036.58,5,238.42,18.7,0.275,6/3/2024,,,,,,,,
ORD02105,Food Grains,Organic Staples,South,Thanda,Andhra Pradesh,1273,929.29,5,343.71,27,0.24,4/30/2022,,,,,,,,
ORD02106,"Eggs, Meat & Fish",Eggs,Central,Kadiri,Andhra Pradesh,1266,1101.42,5,164.58,13,0.35,6/2/2023,,,,,,,,
ORD02107,Oil & Masala,Masalas,North,Vellore,Andhra Pradesh,1254,852.72,5,401.28,32,0.12,2/28/2024,,,,,,,,
ORD02108,Food Grains,Rice,East,Kurnool,Andhra Pradesh,1244,746.4,5,497.6,40,0.14,3/15/2024,,,,,,,,
ORD02109,Bakery,Cakes,South,Kadiri,Andhra Pradesh,1234,1172.3,5,61.7,5,0.35,10/31/2024,,,,,,,,
ORD02110,"Eggs, Meat & Fish",Mutton,South,Ballari,Andhra Pradesh,1231,1083.28,5,147.72,12,0.17,5/29/2024,,,,,,,,
ORD02111,Fruits & Veggies,Organic Fruits,South,Guntur,Andhra Pradesh,1223,672.65,5,550.35,45,0.34,5/6/2024,,,,,,,,
ORD02112,Food Grains,Rice,Central,Nelluru,Andhra Pradesh,1209,1148.55,5,60.45,5,0.14,8/22/2023,,,,,,,,
ORD02113,Food Grains,Rice,East,Nelluru,Andhra Pradesh,1203,945.49,5,257.51,21.41,0.19,10/10/2022,,,,,,,,
ORD02114,"Eggs, Meat & Fish",Eggs,Central,Nandyal,Andhra Pradesh,1187,937.73,5,249.27,21,0.13,1/23/2022,,,,,,,,
ORD02115,Food Grains,Organic Staples,West,Vizag,Andhra Pradesh,1151,759.66,5,391.34,34,0.35,6/14/2022,,,,,,,,
ORD02116,Fruits & Veggies,Fresh Vegetables,South,Kodmur,Andhra Pradesh,1121,650.18,4,470.82,42,0.18,10/8/2024,,,,,,,,
ORD02117,Food Grains,Organic Staples,South,Vellore,Andhra Pradesh,1108,786.68,4,321.32,29,0.27,10/4/2022,,,,,,,,
ORD02118,Fruits & Veggies,Organic Vegetables,East,Ballari,Andhra Pradesh,1098,680.76,4,417.24,38,0.18,8/4/2024,,,,,,,,
ORD02119,Food Grains,Organic Staples,West,Anathapuram,Andhra Pradesh,1072,814.72,4,257.28,24,0.21,2/18/2022,,,,,,,,
ORD02120,Oil & Masala,Edible Oil & Ghee,East,Anathapuram,Andhra Pradesh,1070,888.1,4,181.9,17,0.35,11/15/2022,,,,,,,,
ORD02121,Food Grains,Atta & Flour,West,Nandyal,Andhra Pradesh,1063,605.91,4,457.09,43,0.34,1/11/2022,,,,,,,,
ORD02122,Food Grains,Atta & Flour,South,Dhone,Andhra Pradesh,1045,721.05,4,323.95,31,0.27,5/12/2023,,,,,,,,
ORD02123,Fruits & Veggies,Fresh Vegetables,South,Krishnagiri,Andhra Pradesh,1029,699.72,4,329.28,32,0.3,5/2/2024,,,,,,,,
ORD02124,Fruits & Veggies,Organic Vegetables,South,Kodmur,Andhra Pradesh,1024,665.6,4,358.4,35,0.25,9/22/2022,,,,,,,,
ORD02125,Fruits & Veggies,Fresh Fruits,East,Prakasham,Andhra Pradesh,1020,948.6,4,71.4,7,0.16,3/14/2023,,,,,,,,
ORD02126,Oil & Masala,Spices,South,Kurnool,Andhra Pradesh,1014,932.88,4,81.12,8,0.3,3/21/2022,,,,,,,,
ORD02127,Bakery,Breads & Buns,South,Dhone,Andhra Pradesh,1013,617.93,4,395.07,39,0.3,12/24/2022,,,,,,,,
ORD02128,"Eggs, Meat & Fish",Mutton,South,Kadiri,Andhra Pradesh,992,674.56,4,317.44,32,0.26,10/23/2023,,,,,,,,
ORD02129,"Eggs, Meat & Fish",Fish,South,Thanda,Andhra Pradesh,981,931.95,4,49.05,5,0.16,12/1/2023,,,,,,,,
ORD02130,"Eggs, Meat & Fish",Eggs,Central,Eluru,Andhra Pradesh,951,798.84,4,152.16,16,0.31,8/20/2024,,,,,,,,
ORD02131,Bakery,Breads & Buns,South,Dharmavaram,Andhra Pradesh,949,768.69,4,180.31,19,0.12,3/1/2024,,,,,,,,
ORD02132,Oil & Masala,Edible Oil & Ghee,West,Cumbum,Andhra Pradesh,947,691.31,4,255.69,27,0.11,5/28/2023,,,,,,,,
ORD02133,Bakery,Breads & Buns,Central,Ballari,Andhra Pradesh,943,603.52,4,339.48,36,0.21,5/17/2022,,,,,,,,
ORD02134,Oil & Masala,Edible Oil & Ghee,West,Ballari,Andhra Pradesh,940,629.8,4,310.2,33,0.1,8/9/2024,,,,,,,,
ORD02135,Food Grains,Dals & Pulses,South,Markapur,Andhra Pradesh,932,885.4,4,46.6,5,0.24,3/18/2024,,,,,,,,
ORD02136,Bakery,Biscuits,Central,Nandyal,Andhra Pradesh,924,776.16,4,147.84,16,0.18,1/11/2022,,,,,,,,
ORD02137,Fruits & Veggies,Organic Vegetables,East,Ramanadhapuram,Andhra Pradesh,919,533.02,4,385.98,42,0.2,11/2/2022,,,,,,,,
ORD02138,Food Grains,Rice,South,Kurnool,Andhra Pradesh,903,812.7,4,90.3,10,0.1,11/4/2024,,,,,,,,
ORD02139,"Eggs, Meat & Fish",Fish,South,Ramanadhapuram,Andhra Pradesh,901,792.88,4,108.12,12,0.28,10/2/2024,,,,,,,,
ORD02140,Oil & Masala,Masalas,South,Nandyal,Andhra Pradesh,900,495,4,405,45,0.17,12/4/2023,,,,,,,,
ORD02141,Food Grains,Organic Staples,Central,Kodmur,Andhra Pradesh,898,736.36,4,161.64,18,0.19,3/7/2023,,,,,,,,
ORD02142,"Eggs, Meat & Fish",Mutton,South,Thanda,Andhra Pradesh,889,622.3,4,266.7,30,0.34,12/4/2022,,,,,,,,
ORD02143,Oil & Masala,Masalas,Central,Anathapuram,Andhra Pradesh,877,508.66,4,368.34,42,0.14,10/9/2024,,,,,,,,
ORD02144,"Eggs, Meat & Fish",Eggs,South,Eluru,Andhra Pradesh,861,697.41,3,163.59,19,0.2,2/1/2024,,,,,,,,
ORD02145,Bakery,Breads & Buns,South,Kanyakumari,Andhra Pradesh,833,716.38,3,116.62,14,0.11,11/18/2022,,,,,,,,
ORD02146,Fruits & Veggies,Fresh Fruits,South,Markapur,Andhra Pradesh,824,716.88,3,107.12,13,0.22,1/11/2022,,,,,,,,
ORD02147,Bakery,Breads & Buns,East,Vizag,Andhra Pradesh,809,590.57,3,218.43,27,0.14,8/24/2023,,,,,,,,
ORD02148,Snacks,Cookies,South,Thanda,Andhra Pradesh,807,726.3,3,80.7,10,0.11,1/1/2024,,,,,,,,
ORD02149,Food Grains,Organic Staples,Central,Ongole,Andhra Pradesh,790,616.2,3,173.8,22,0.35,11/24/2022,,,,,,,,
ORD02150,Fruits & Veggies,Organic Fruits,South,Cumbum,Andhra Pradesh,773,448.34,3,324.66,42,0.31,3/20/2024,,,,,,,,
ORD02151,Food Grains,Atta & Flour,Central,Vellore,Andhra Pradesh,771,663.06,3,107.94,14,0.32,10/13/2022,,,,,,,,
ORD02152,Food Grains,Rice,East,Kadiri,Andhra Pradesh,764,710.52,3,53.48,7,0.15,11/27/2023,,,,,,,,
ORD02153,Food Grains,Organic Staples,South,Kurnool,Andhra Pradesh,755,528.5,3,226.5,30,0.35,7/14/2024,,,,,,,,
ORD02154,"Eggs, Meat & Fish",Eggs,South,Viluppuram,Andhra Pradesh,724,521.28,3,202.72,28,0.21,5/10/2023,,,,,,,,
ORD02155,Fruits & Veggies,Fresh Vegetables,South,Cumbum,Andhra Pradesh,723,657.93,3,65.07,9,0.1,11/5/2023,,,,,,,,
ORD02156,Fruits & Veggies,Organic Fruits,West,Krishnagiri,Andhra Pradesh,703,597.55,3,105.45,15,0.13,1/30/2023,,,,,,,,
ORD02157,Snacks,Noodles,East,Nandyal,Andhra Pradesh,657,558.45,3,98.55,15,0.28,7/16/2023,,,,,,,,
ORD02158,Fruits & Veggies,Fresh Fruits,South,Prakasham,Andhra Pradesh,644,508.76,3,135.24,21,0.14,7/27/2022,,,,,,,,
ORD02159,"Eggs, Meat & Fish",Eggs,South,Nandyal,Andhra Pradesh,638,567.82,3,70.18,11,0.29,1/29/2023,,,,,,,,
ORD02160,Food Grains,Organic Staples,East,Nelluru,Andhra Pradesh,584,327.04,2,256.96,44,0.33,10/8/2023,,,,,,,,
ORD02161,Food Grains,Rice,South,Thanda,Andhra Pradesh,570,444.6,2,125.4,22,0.35,6/3/2024,,,,,,,,
ORD02162,Fruits & Veggies,Organic Fruits,West,Kodmur,Andhra Pradesh,558,507.78,2,50.22,9,0.19,10/18/2022,,,,,,,,
ORD02163,Oil & Masala,Spices,South,Vellore,Andhra Pradesh,558,446.4,2,111.6,20,0.35,4/22/2022,,,,,,,,
ORD02164,Bakery,Biscuits,South,Nandyal,Andhra Pradesh,531,313.29,2,217.71,41,0.22,5/22/2023,,,,,,,,
ORD02165,Oil & Masala,Masalas,South,Vizag,Andhra Pradesh,524,492.56,2,31.44,6,0.14,12/2/2024,,,,,,,,
